%YAML 1.1
%TAG !u! tag:unity3d.com,2011:
--- !u!114 &11400000
MonoBehaviour:
  m_ObjectHideFlags: 0
  m_PrefabParentObject: {fileID: 0}
  m_PrefabInternal: {fileID: 0}
  m_GameObject: {fileID: 0}
  m_Enabled: 1
  m_EditorHideFlags: 0
  m_Script: {fileID: 11500000, guid: afb37ee48aef7449d9e6226d1988de0d, type: 3}
  m_Name: uidata_chest_opening
  m_EditorClassIdentifier: 
  dataStorageTypeList:
  - NeonPlay.Ui.UiDataStorageNodeSpriteValue
  - NeonPlay.Ui.UiDataStorageNodeStringValue
  - NeonPlay.Ui.UiDataStorageNodeVector3Value
  - NeonPlay.Ui.UiDataStorageNodeAnimate
  - NeonPlay.Ui.UiDataStorageNodeButton
  - NeonPlay.Ui.UiDataStorageNodeCanvas
  - NeonPlay.Ui.UiDataStorageNodeCanvasGroup
  - NeonPlay.Ui.UiDataStorageNodeCell
  - NeonPlay.Ui.UiDataStorageNodeImage
  - NeonPlay.Ui.UiDataStorageNodeImageReference
  - NeonPlay.Ui.UiDataStorageNodeList
  - NeonPlay.Ui.UiDataStorageNodeNumberCountProgress
  - NeonPlay.Ui.UiDataStorageNodeNumberCountText
  - NeonPlay.Ui.UiDataStorageNodeNumberText
  - NeonPlay.Ui.UiDataStorageNodeSelectorToggle
  - NeonPlay.Ui.UiDataStorageNodeText
  - NeonPlay.Ui.UiDataStorageNodeTimer
  - NeonPlay.Ui.UiDataStorageNodeTransform
  - UiDataPanelChestOpening
  - UiDataStorageNodeSelectorAffordability
  - UiDataStorageNodeSelectorBuildCard
  - UiDataStorageNodeSelectorBuildCardTags
  - UiDataStorageNodeSelectorChestAnimation
  - UiDataStorageNodeSelectorChestType
  - UiDataStorageNodeSelectorChestUnlock
  - UiDataStorageNodeSelectorInIdleOutAnimation
  - UiDataStorageNodeSelectorInOutAnimation
  - UiDataStorageNodeSelectorInfoPanelState
  - UiDataStorageNodeSelectorInfoUpgrade
  - UiDataStorageNodeSelectorJunctionState
  - UiDataStorageNodeSelectorLevelBar
  - UiDataStorageNodeSelectorLevelUpAnimation
  - UiDataStorageNodeSelectorLevelUpCard
  - UiDataStorageNodeSelectorRackupRing
  - UiDataStorageNodeSelectorRackupStars
  - UiDataStorageNodeSelectorRarity
  - UiDataStorageNodeSelectorTrafficLightState
  - UiDataStorageNodeAnimate
  - UiDataStorageNodeNumberCountProgress
  - UiDataStorageNodeNumberText
  - UiDataStorageNodeText
  - UiDataStorageNodeNumberCountText
  - UiDataStorageNodeCell
  mapEntryList:
  - key: UiDataStorageNodeSelectorBuildCard
    value:
    - {fileID: 11419670}
  - key: UiDataStorageNodeSelectorInOutAnimation
    value:
    - {fileID: 11431934}
  - key: UiDataStorageNodeSelectorChestType
    value:
    - {fileID: 11471068}
  - key: UiDataPanelChestOpening
    value:
    - {fileID: 11493816}
  - key: UiDataStorageNodeButton
    value:
    - {fileID: 11437040}
  - key: UiDataStorageNodeAnimate
    value:
    - {fileID: 11409334}
    - {fileID: 11429372}
    - {fileID: 114000011558373738}
    - {fileID: 114000010738016022}
  - key: UiDataStorageNodeCanvasGroup
    value:
    - {fileID: 11487878}
  - key: UiDataStorageNodeList
    value:
    - {fileID: 11464136}
  - key: UiDataStorageNodeCell
    value:
    - {fileID: 11468582}
  - key: UiDataStorageNodeTransform
    value:
    - {fileID: 11484176}
  - key: UiDataStorageNodeImageReference
    value:
    - {fileID: 11424140}
  - key: UiDataStorageNodeSelectorBuildCardTags
    value:
    - {fileID: 11405826}
  - key: UiDataStorageNodeText
    value:
    - {fileID: 11490154}
    - {fileID: 11482190}
    - {fileID: 11436028}
    - {fileID: 11475740}
    - {fileID: 11465964}
  - key: UiDataStorageNodeSelectorLevelBar
    value:
    - {fileID: 11429920}
  - key: UiDataStorageNodeNumberCountText
    value:
    - {fileID: 11493216}
  - key: UiDataStorageNodeNumberCountProgress
    value:
    - {fileID: 11495628}
  - key: UiDataStorageNodeSelectorToggle
    value:
    - {fileID: 11476406}
    - {fileID: 11473136}
  - key: UiDataStorageNodeSelectorChestAnimation
    value:
    - {fileID: 11475512}
  - key: UiDataStorageNodeImage
    value:
    - {fileID: 114000013908745016}
    - {fileID: 114000013138446512}
    - {fileID: 114000014194377372}
    - {fileID: 114000010388491178}
    - {fileID: 114000012524243570}
    - {fileID: 114000013308048108}
    - {fileID: 114000011733092578}
    - {fileID: 114000011982092770}
  globalData: 0
--- !u!114 &11405826
MonoBehaviour:
  m_ObjectHideFlags: 0
  m_PrefabParentObject: {fileID: 0}
  m_PrefabInternal: {fileID: 0}
  m_GameObject: {fileID: 0}
  m_Enabled: 1
  m_EditorHideFlags: 0
  m_Script: {fileID: 11500000, guid: 161c044d96bce4aaf8c149b0c7b388a2, type: 3}
  m_Name: uidata_chest_opening
  m_EditorClassIdentifier: 
  asset: {fileID: 11400000}
  identifier: selector_card_tags
  referenceList: []
  state: 0
--- !u!114 &11409334
MonoBehaviour:
  m_ObjectHideFlags: 0
  m_PrefabParentObject: {fileID: 0}
  m_PrefabInternal: {fileID: 0}
  m_GameObject: {fileID: 0}
  m_Enabled: 1
  m_EditorHideFlags: 0
  m_Script: {fileID: 11500000, guid: d990c3ad707c749a6a58cc48b5a1f4b2, type: 3}
  m_Name: uidata_chest_opening
  m_EditorClassIdentifier: 
  asset: {fileID: 11400000}
  identifier: animate_root
  animateState: 0
  looping: 0
--- !u!114 &11419670
MonoBehaviour:
  m_ObjectHideFlags: 0
  m_PrefabParentObject: {fileID: 0}
  m_PrefabInternal: {fileID: 0}
  m_GameObject: {fileID: 0}
  m_Enabled: 1
  m_EditorHideFlags: 0
  m_Script: {fileID: 11500000, guid: 483697030518a4b5e95f032e60fee05f, type: 3}
  m_Name: uidata_chest_opening
  m_EditorClassIdentifier: 
  asset: {fileID: 11400000}
  identifier: selector_build_card
  referenceList: []
  state: 0
--- !u!114 &11424140
MonoBehaviour:
  m_ObjectHideFlags: 0
  m_PrefabParentObject: {fileID: 0}
  m_PrefabInternal: {fileID: 0}
  m_GameObject: {fileID: 0}
  m_Enabled: 1
  m_EditorHideFlags: 0
  m_Script: {fileID: 11500000, guid: 0d939330a87b44f95b2ff7aaa5c697f0, type: 3}
  m_Name: uidata_chest_opening
  m_EditorClassIdentifier: 
  asset: {fileID: 11400000}
  identifier: imagereference_card
  sprite:
    currentValue: {fileID: 0}
    currentValueSet: 0
    constantValue: {fileID: 0}
    constantValueSet: 0
    referenceValue: {fileID: 0}
  colour:
    currentValue: {r: 0, g: 0, b: 0, a: 0}
    currentValueSet: 0
    constantValue: {r: 0, g: 0, b: 0, a: 0}
    constantValueSet: 0
    referenceValue: {fileID: 0}
  imageReference:
    currentValue: 
    currentValueSet: 0
    constantValue: 
    constantValueSet: 0
    referenceValue: {fileID: 0}
--- !u!114 &11429372
MonoBehaviour:
  m_ObjectHideFlags: 0
  m_PrefabParentObject: {fileID: 0}
  m_PrefabInternal: {fileID: 0}
  m_GameObject: {fileID: 0}
  m_Enabled: 1
  m_EditorHideFlags: 0
  m_Script: {fileID: 11500000, guid: d990c3ad707c749a6a58cc48b5a1f4b2, type: 3}
  m_Name: uidata_chest_opening
  m_EditorClassIdentifier: 
  asset: {fileID: 11400000}
  identifier: animate_card_count
  animateState: 0
  looping: 0
--- !u!114 &11429920
MonoBehaviour:
  m_ObjectHideFlags: 0
  m_PrefabParentObject: {fileID: 0}
  m_PrefabInternal: {fileID: 0}
  m_GameObject: {fileID: 0}
  m_Enabled: 1
  m_EditorHideFlags: 0
  m_Script: {fileID: 11500000, guid: fc2df02a7233b48a782d4892411df087, type: 3}
  m_Name: uidata_chest_opening
  m_EditorClassIdentifier: 
  asset: {fileID: 11400000}
  identifier: selector_level_bar
  referenceList: []
  state: 0
--- !u!114 &11431934
MonoBehaviour:
  m_ObjectHideFlags: 0
  m_PrefabParentObject: {fileID: 0}
  m_PrefabInternal: {fileID: 0}
  m_GameObject: {fileID: 0}
  m_Enabled: 1
  m_EditorHideFlags: 0
  m_Script: {fileID: 11500000, guid: a38489234c6ae465ca2c3f256ad442ee, type: 3}
  m_Name: uidata_chest_opening
  m_EditorClassIdentifier: 
  asset: {fileID: 11400000}
  identifier: selector_inout_animation
  referenceList: []
  state: 0
--- !u!114 &11436028
MonoBehaviour:
  m_ObjectHideFlags: 0
  m_PrefabParentObject: {fileID: 0}
  m_PrefabInternal: {fileID: 0}
  m_GameObject: {fileID: 0}
  m_Enabled: 1
  m_EditorHideFlags: 0
  m_Script: {fileID: 11500000, guid: a1ad32420ba3a40079f86860e5c32edc, type: 3}
  m_Name: uidata_chest_opening
  m_EditorClassIdentifier: 
  asset: {fileID: 11400000}
  identifier: text_card_level
  prefix:
    currentValue: 
    currentValueSet: 0
    constantValue: 
    constantValueSet: 0
    referenceValue: {fileID: 0}
  suffix:
    currentValue: 
    currentValueSet: 0
    constantValue: 
    constantValueSet: 0
    referenceValue: {fileID: 0}
  text:
    currentValueSet: 0
    constantValueSet: 0
    referenceValue: {fileID: 0}
  colour:
    currentValue: {r: 0, g: 0, b: 0, a: 0}
    currentValueSet: 0
    constantValue: {r: 0, g: 0, b: 0, a: 0}
    constantValueSet: 0
    referenceValue: {fileID: 0}
--- !u!114 &11437040
MonoBehaviour:
  m_ObjectHideFlags: 0
  m_PrefabParentObject: {fileID: 0}
  m_PrefabInternal: {fileID: 0}
  m_GameObject: {fileID: 0}
  m_Enabled: 1
  m_EditorHideFlags: 0
  m_Script: {fileID: 11500000, guid: dbec4c86d3ce6432b8a3b0476a3eb5a9, type: 3}
  m_Name: uidata_chest_opening
  m_EditorClassIdentifier: 
  asset: {fileID: 11400000}
  identifier: button_root
  pressEnabled:
    currentValue: 0
    currentValueSet: 0
    constantValue: 0
    constantValueSet: 0
    referenceValue: {fileID: 0}
  colour:
    currentValue: {r: 0, g: 0, b: 0, a: 0}
    currentValueSet: 0
    constantValue: {r: 0, g: 0, b: 0, a: 0}
    constantValueSet: 0
    referenceValue: {fileID: 0}
--- !u!114 &11464136
MonoBehaviour:
  m_ObjectHideFlags: 0
  m_PrefabParentObject: {fileID: 0}
  m_PrefabInternal: {fileID: 0}
  m_GameObject: {fileID: 0}
  m_Enabled: 1
  m_EditorHideFlags: 0
  m_Script: {fileID: 11500000, guid: 694d4f527464e4a8690ccf4233af9636, type: 3}
  m_Name: uidata_chest_opening
  m_EditorClassIdentifier: 
  asset: {fileID: 11400000}
  identifier: list_card
  element: {fileID: 11468582}
--- !u!114 &11465964
MonoBehaviour:
  m_ObjectHideFlags: 0
  m_PrefabParentObject: {fileID: 0}
  m_PrefabInternal: {fileID: 0}
  m_GameObject: {fileID: 0}
  m_Enabled: 1
  m_EditorHideFlags: 0
  m_Script: {fileID: 11500000, guid: a1ad32420ba3a40079f86860e5c32edc, type: 3}
  m_Name: uidata_chest_opening
  m_EditorClassIdentifier: 
  asset: {fileID: 11400000}
  identifier: text_multiplier
  prefix:
    currentValue: 
    currentValueSet: 0
    constantValue: 
    constantValueSet: 0
    referenceValue: {fileID: 0}
  suffix:
    currentValue: 
    currentValueSet: 0
    constantValue: 
    constantValueSet: 0
    referenceValue: {fileID: 0}
  text:
    currentValueSet: 0
    constantValueSet: 0
    referenceValue: {fileID: 0}
  colour:
    currentValue: {r: 0, g: 0, b: 0, a: 0}
    currentValueSet: 0
    constantValue: {r: 0, g: 0, b: 0, a: 0}
    constantValueSet: 0
    referenceValue: {fileID: 0}
--- !u!114 &11468582
MonoBehaviour:
  m_ObjectHideFlags: 0
  m_PrefabParentObject: {fileID: 0}
  m_PrefabInternal: {fileID: 0}
  m_GameObject: {fileID: 0}
  m_Enabled: 1
  m_EditorHideFlags: 0
  m_Script: {fileID: 11500000, guid: 8979c195ac753403fa641844333160e3, type: 3}
  m_Name: uidata_chest_opening
  m_EditorClassIdentifier: 
  asset: {fileID: 11400000}
  identifier: cell_card
  components:
  - {fileID: 11419670}
  - {fileID: 11431934}
  - {fileID: 11424140}
  - {fileID: 11490154}
  - {fileID: 11429920}
  - {fileID: 11493216}
  - {fileID: 11482190}
  - {fileID: 11495628}
  - {fileID: 11436028}
  - {fileID: 11475740}
  - {fileID: 114000011558373738}
  - {fileID: 114000010738016022}
--- !u!114 &11471068
MonoBehaviour:
  m_ObjectHideFlags: 0
  m_PrefabParentObject: {fileID: 0}
  m_PrefabInternal: {fileID: 0}
  m_GameObject: {fileID: 0}
  m_Enabled: 1
  m_EditorHideFlags: 0
  m_Script: {fileID: 11500000, guid: aac1a1fe36fbb4976a378e26c67c3d60, type: 3}
  m_Name: uidata_chest_opening
  m_EditorClassIdentifier: 
  asset: {fileID: 11400000}
  identifier: selector_chest_type
  referenceList: []
  state: 0
--- !u!114 &11473136
MonoBehaviour:
  m_ObjectHideFlags: 0
  m_PrefabParentObject: {fileID: 0}
  m_PrefabInternal: {fileID: 0}
  m_GameObject: {fileID: 0}
  m_Enabled: 1
  m_EditorHideFlags: 0
  m_Script: {fileID: 11500000, guid: 98681a28eee7a4b7ab28d40cce77817d, type: 3}
  m_Name: uidata_chest_opening
  m_EditorClassIdentifier: 
  asset: {fileID: 11400000}
  identifier: 
  referenceList: []
  state: 0
--- !u!114 &11475512
MonoBehaviour:
  m_ObjectHideFlags: 0
  m_PrefabParentObject: {fileID: 0}
  m_PrefabInternal: {fileID: 0}
  m_GameObject: {fileID: 0}
  m_Enabled: 1
  m_EditorHideFlags: 0
  m_Script: {fileID: 11500000, guid: c657a3a7e209f4b499c644bafbe1d7b4, type: 3}
  m_Name: uidata_chest_opening
  m_EditorClassIdentifier: 
  asset: {fileID: 11400000}
  identifier: selector_chest_animation
  referenceList: []
  state: 0
--- !u!114 &11475740
MonoBehaviour:
  m_ObjectHideFlags: 0
  m_PrefabParentObject: {fileID: 0}
  m_PrefabInternal: {fileID: 0}
  m_GameObject: {fileID: 0}
  m_Enabled: 1
  m_EditorHideFlags: 0
  m_Script: {fileID: 11500000, guid: a1ad32420ba3a40079f86860e5c32edc, type: 3}
  m_Name: uidata_chest_opening
  m_EditorClassIdentifier: 
  asset: {fileID: 11400000}
  identifier: text_card_next_level
  prefix:
    currentValue: 
    currentValueSet: 0
    constantValue: 
    constantValueSet: 0
    referenceValue: {fileID: 0}
  suffix:
    currentValue: 
    currentValueSet: 0
    constantValue: 
    constantValueSet: 0
    referenceValue: {fileID: 0}
  text:
    currentValueSet: 0
    constantValueSet: 0
    referenceValue: {fileID: 0}
  colour:
    currentValue: {r: 0, g: 0, b: 0, a: 0}
    currentValueSet: 0
    constantValue: {r: 0, g: 0, b: 0, a: 0}
    constantValueSet: 0
    referenceValue: {fileID: 0}
--- !u!114 &11476406
MonoBehaviour:
  m_ObjectHideFlags: 0
  m_PrefabParentObject: {fileID: 0}
  m_PrefabInternal: {fileID: 0}
  m_GameObject: {fileID: 0}
  m_Enabled: 1
  m_EditorHideFlags: 0
  m_Script: {fileID: 11500000, guid: 98681a28eee7a4b7ab28d40cce77817d, type: 3}
  m_Name: uidata_chest_opening
  m_EditorClassIdentifier: 
  asset: {fileID: 11400000}
  identifier: selector_multiplier
  referenceList: []
  state: 0
--- !u!114 &11482190
MonoBehaviour:
  m_ObjectHideFlags: 0
  m_PrefabParentObject: {fileID: 0}
  m_PrefabInternal: {fileID: 0}
  m_GameObject: {fileID: 0}
  m_Enabled: 1
  m_EditorHideFlags: 0
  m_Script: {fileID: 11500000, guid: a1ad32420ba3a40079f86860e5c32edc, type: 3}
  m_Name: uidata_chest_opening
  m_EditorClassIdentifier: 
  asset: {fileID: 11400000}
  identifier: text_card_required
  prefix:
    currentValue: 
    currentValueSet: 0
    constantValue: 
    constantValueSet: 0
    referenceValue: {fileID: 0}
  suffix:
    currentValue: 
    currentValueSet: 0
    constantValue: 
    constantValueSet: 0
    referenceValue: {fileID: 0}
  text:
    currentValueSet: 0
    constantValueSet: 0
    referenceValue: {fileID: 0}
  colour:
    currentValue: {r: 0, g: 0, b: 0, a: 0}
    currentValueSet: 0
    constantValue: {r: 0, g: 0, b: 0, a: 0}
    constantValueSet: 0
    referenceValue: {fileID: 0}
--- !u!114 &11484176
MonoBehaviour:
  m_ObjectHideFlags: 0
  m_PrefabParentObject: {fileID: 0}
  m_PrefabInternal: {fileID: 0}
  m_GameObject: {fileID: 0}
  m_Enabled: 1
  m_EditorHideFlags: 0
  m_Script: {fileID: 11500000, guid: 0127496cf4be04fcfbe0fdc432a334e4, type: 3}
  m_Name: uidata_chest_opening
  m_EditorClassIdentifier: 
  asset: {fileID: 11400000}
  identifier: transform_chest
  screenPosition:
    currentValue: {x: 0, y: 0, z: 0}
    currentValueSet: 0
    constantValue: {x: 0, y: 0, z: 0}
    constantValueSet: 0
    referenceValue: {fileID: 0}
  rotation:
    currentValue: 0
    currentValueSet: 0
    constantValue: 0
    constantValueSet: 0
    referenceValue: {fileID: 0}
  screenPositionWeight: 1
--- !u!114 &11487878
MonoBehaviour:
  m_ObjectHideFlags: 0
  m_PrefabParentObject: {fileID: 0}
  m_PrefabInternal: {fileID: 0}
  m_GameObject: {fileID: 0}
  m_Enabled: 1
  m_EditorHideFlags: 0
  m_Script: {fileID: 11500000, guid: efd73c99f237c43b0b409754cca480f0, type: 3}
  m_Name: uidata_chest_opening
  m_EditorClassIdentifier: 
  asset: {fileID: 11400000}
  identifier: canvasgroup_root
  interactable:
    currentValue: 0
    currentValueSet: 0
    constantValue: 0
    constantValueSet: 0
    referenceValue: {fileID: 0}
  blocksRaycasts:
    currentValue: 0
    currentValueSet: 0
    constantValue: 0
    constantValueSet: 0
    referenceValue: {fileID: 0}
  ignoreParentGroups:
    currentValue: 0
    currentValueSet: 0
    constantValue: 0
    constantValueSet: 0
    referenceValue: {fileID: 0}
--- !u!114 &11490154
MonoBehaviour:
  m_ObjectHideFlags: 0
  m_PrefabParentObject: {fileID: 0}
  m_PrefabInternal: {fileID: 0}
  m_GameObject: {fileID: 0}
  m_Enabled: 1
  m_EditorHideFlags: 0
  m_Script: {fileID: 11500000, guid: a1ad32420ba3a40079f86860e5c32edc, type: 3}
  m_Name: uidata_chest_opening
  m_EditorClassIdentifier: 
  asset: {fileID: 11400000}
  identifier: text_card_name
  prefix:
    currentValue: 
    currentValueSet: 0
    constantValue: 
    constantValueSet: 0
    referenceValue: {fileID: 0}
  suffix:
    currentValue: 
    currentValueSet: 0
    constantValue: 
    constantValueSet: 0
    referenceValue: {fileID: 0}
  text:
    currentValueSet: 0
    constantValueSet: 0
    referenceValue: {fileID: 0}
  colour:
    currentValue: {r: 0, g: 0, b: 0, a: 0}
    currentValueSet: 0
    constantValue: {r: 0, g: 0, b: 0, a: 0}
    constantValueSet: 0
    referenceValue: {fileID: 0}
--- !u!114 &11493216
MonoBehaviour:
  m_ObjectHideFlags: 0
  m_PrefabParentObject: {fileID: 0}
  m_PrefabInternal: {fileID: 0}
  m_GameObject: {fileID: 0}
  m_Enabled: 1
  m_EditorHideFlags: 0
  m_Script: {fileID: 11500000, guid: a4284e8cc208d4ec497aac66f331ba38, type: 3}
  m_Name: uidata_chest_opening
  m_EditorClassIdentifier: 
  asset: {fileID: 11400000}
  identifier: text_card_owned
  prefix:
    currentValue: 
    currentValueSet: 0
    constantValue: 
    constantValueSet: 0
    referenceValue: {fileID: 0}
  suffix:
    currentValue: 
    currentValueSet: 0
    constantValue: 
    constantValueSet: 0
    referenceValue: {fileID: 0}
  text:
    currentValueSet: 0
    constantValueSet: 0
    referenceValue: {fileID: 0}
  colour:
    currentValue: {r: 0, g: 0, b: 0, a: 0}
    currentValueSet: 0
    constantValue: {r: 0, g: 0, b: 0, a: 0}
    constantValueSet: 0
    referenceValue: {fileID: 0}
  valueRoundingOption: 1
  stringFormat: 
  number: 0
  animateCountDataStorage: {fileID: 11429372}
  linearDuration: 0.6
  perInterval: 1
--- !u!114 &11493816
MonoBehaviour:
  m_ObjectHideFlags: 0
  m_PrefabParentObject: {fileID: 0}
  m_PrefabInternal: {fileID: 0}
  m_GameObject: {fileID: 0}
  m_Enabled: 1
  m_EditorHideFlags: 0
  m_Script: {fileID: 11500000, guid: 69a3be5df240b4045815f6c4f5d55a23, type: 3}
  m_Name: uidata_chest_opening
  m_EditorClassIdentifier: 
  asset: {fileID: 11400000}
  identifier: panel_chest_opening
  rootButton: {fileID: 11437040}
  rootCanvasGroup: {fileID: 11487878}
  fadeAnimate: {fileID: 11409334}
  chestTransform: {fileID: 11484176}
  chestTypeSelector: {fileID: 11471068}
  multiplierToggle: {fileID: 11476406}
  multiplierText: {fileID: 11465964}
  chestAnimation: {fileID: 11475512}
  cardList: {fileID: 11464136}
  cardState: {fileID: 11419670}
  cardInOutAnimation: {fileID: 11431934}
  cardLevelBar: {fileID: 11429920}
  cardLevelText: {fileID: 11436028}
  cardNextLevelText: {fileID: 11475740}
  cardProgress: {fileID: 11495628}
  cardImageReference: {fileID: 11424140}
  cardName: {fileID: 11490154}
  cardOwned: {fileID: 11493216}
  cardRequired: {fileID: 11482190}
  textBounceAnimation: {fileID: 114000011558373738}
  barFilledAnimation: {fileID: 114000010738016022}
  levelBarSelector: {fileID: 11429920}
--- !u!114 &11495628
MonoBehaviour:
  m_ObjectHideFlags: 0
  m_PrefabParentObject: {fileID: 0}
  m_PrefabInternal: {fileID: 0}
  m_GameObject: {fileID: 0}
  m_Enabled: 1
  m_EditorHideFlags: 0
  m_Script: {fileID: 11500000, guid: 3ac42942885c64b9fa21bb514c35233a, type: 3}
  m_Name: uidata_chest_opening
  m_EditorClassIdentifier: 
  asset: {fileID: 11400000}
  identifier: progress_card
  defaultValue: 0
  customValue: 0
  numberCountText: {fileID: 11493216}
  minimumValue: 0
  maximumValue: 0
--- !u!114 &114000010388491178
MonoBehaviour:
  m_ObjectHideFlags: 0
  m_PrefabParentObject: {fileID: 0}
  m_PrefabInternal: {fileID: 0}
  m_GameObject: {fileID: 0}
  m_Enabled: 1
  m_EditorHideFlags: 0
  m_Script: {fileID: 11500000, guid: 49e008cf53e66464898db6420b12d5c1, type: 3}
  m_Name: uidata_chest_opening
  m_EditorClassIdentifier: 
  asset: {fileID: 11400000}
  identifier: image_rarity2_front
  sprite:
    currentValue: {fileID: 0}
    currentValueSet: 0
    constantValue: {fileID: 0}
    constantValueSet: 0
    referenceValue: {fileID: 0}
  colour:
    currentValue: {r: 0, g: 0, b: 0, a: 0}
    currentValueSet: 0
    constantValue: {r: 0.9647059, g: 0.57254905, b: 0.11764706, a: 1}
    constantValueSet: 1
    referenceValue: {fileID: 0}
--- !u!114 &114000010738016022
MonoBehaviour:
  m_ObjectHideFlags: 0
  m_PrefabParentObject: {fileID: 0}
  m_PrefabInternal: {fileID: 0}
  m_GameObject: {fileID: 0}
  m_Enabled: 1
  m_EditorHideFlags: 0
  m_Script: {fileID: 11500000, guid: d990c3ad707c749a6a58cc48b5a1f4b2, type: 3}
  m_Name: uidata_chest_opening
  m_EditorClassIdentifier: 
  asset: {fileID: 11400000}
  identifier: bar_fill_animation
  animateState: 0
  looping: 0
--- !u!114 &114000011558373738
MonoBehaviour:
  m_ObjectHideFlags: 0
  m_PrefabParentObject: {fileID: 0}
  m_PrefabInternal: {fileID: 0}
  m_GameObject: {fileID: 0}
  m_Enabled: 1
  m_EditorHideFlags: 0
  m_Script: {fileID: 11500000, guid: d990c3ad707c749a6a58cc48b5a1f4b2, type: 3}
  m_Name: uidata_chest_opening
  m_EditorClassIdentifier: 
  asset: {fileID: 11400000}
  identifier: text_bounce_animation
  animateState: 0
  looping: 0
--- !u!114 &114000011733092578
MonoBehaviour:
  m_ObjectHideFlags: 0
  m_PrefabParentObject: {fileID: 0}
  m_PrefabInternal: {fileID: 0}
  m_GameObject: {fileID: 0}
  m_Enabled: 1
  m_EditorHideFlags: 0
  m_Script: {fileID: 11500000, guid: 49e008cf53e66464898db6420b12d5c1, type: 3}
  m_Name: uidata_chest_opening
  m_EditorClassIdentifier: 
  asset: {fileID: 11400000}
  identifier: image_grey_backing
  sprite:
    currentValue: {fileID: 0}
    currentValueSet: 0
    constantValue: {fileID: 0}
    constantValueSet: 0
    referenceValue: {fileID: 0}
  colour:
    currentValue: {r: 0, g: 0, b: 0, a: 0}
    currentValueSet: 0
    constantValue: {r: 0.5647059, g: 0.5647059, b: 0.5647059, a: 1}
    constantValueSet: 1
    referenceValue: {fileID: 0}
--- !u!114 &114000011982092770
MonoBehaviour:
  m_ObjectHideFlags: 0
  m_PrefabParentObject: {fileID: 0}
  m_PrefabInternal: {fileID: 0}
  m_GameObject: {fileID: 0}
  m_Enabled: 1
  m_EditorHideFlags: 0
  m_Script: {fileID: 11500000, guid: 49e008cf53e66464898db6420b12d5c1, type: 3}
  m_Name: uidata_chest_opening
  m_EditorClassIdentifier: 
  asset: {fileID: 11400000}
  identifier: image_grey_front
  sprite:
    currentValue: {fileID: 0}
    currentValueSet: 0
    constantValue: {fileID: 0}
    constantValueSet: 0
    referenceValue: {fileID: 0}
  colour:
    currentValue: {r: 0, g: 0, b: 0, a: 0}
    currentValueSet: 0
    constantValue: {r: 0.69803923, g: 0.69803923, b: 0.69803923, a: 1}
    constantValueSet: 1
    referenceValue: {fileID: 0}
--- !u!114 &114000012524243570
MonoBehaviour:
  m_ObjectHideFlags: 0
  m_PrefabParentObject: {fileID: 0}
  m_PrefabInternal: {fileID: 0}
  m_GameObject: {fileID: 0}
  m_Enabled: 1
  m_EditorHideFlags: 0
  m_Script: {fileID: 11500000, guid: 49e008cf53e66464898db6420b12d5c1, type: 3}
  m_Name: uidata_chest_opening
  m_EditorClassIdentifier: 
  asset: {fileID: 11400000}
  identifier: image_rarity3_backing
  sprite:
    currentValue: {fileID: 0}
    currentValueSet: 0
    constantValue: {fileID: 0}
    constantValueSet: 0
    referenceValue: {fileID: 0}
  colour:
    currentValue: {r: 0, g: 0, b: 0, a: 0}
    currentValueSet: 0
    constantValue: {r: 0.45882353, g: 0.12156863, b: 0.8039216, a: 1}
    constantValueSet: 1
    referenceValue: {fileID: 0}
--- !u!114 &114000013138446512
MonoBehaviour:
  m_ObjectHideFlags: 0
  m_PrefabParentObject: {fileID: 0}
  m_PrefabInternal: {fileID: 0}
  m_GameObject: {fileID: 0}
  m_Enabled: 1
  m_EditorHideFlags: 0
  m_Script: {fileID: 11500000, guid: 49e008cf53e66464898db6420b12d5c1, type: 3}
  m_Name: uidata_chest_opening
  m_EditorClassIdentifier: 
  asset: {fileID: 11400000}
  identifier: image_rarity1_front
  sprite:
    currentValue: {fileID: 0}
    currentValueSet: 0
    constantValue: {fileID: 0}
    constantValueSet: 0
    referenceValue: {fileID: 0}
  colour:
    currentValue: {r: 0, g: 0, b: 0, a: 0}
    currentValueSet: 0
    constantValue: {r: 0.28235295, g: 0.5803922, b: 0.8392157, a: 1}
    constantValueSet: 1
    referenceValue: {fileID: 0}
--- !u!114 &114000013308048108
MonoBehaviour:
  m_ObjectHideFlags: 0
  m_PrefabParentObject: {fileID: 0}
  m_PrefabInternal: {fileID: 0}
  m_GameObject: {fileID: 0}
  m_Enabled: 1
  m_EditorHideFlags: 0
  m_Script: {fileID: 11500000, guid: 49e008cf53e66464898db6420b12d5c1, type: 3}
  m_Name: uidata_chest_opening
  m_EditorClassIdentifier: 
  asset: {fileID: 11400000}
  identifier: image_rarity3_front
  sprite:
    currentValue: {fileID: 0}
    currentValueSet: 0
    constantValue: {fileID: 0}
    constantValueSet: 0
    referenceValue: {fileID: 0}
  colour:
    currentValue: {r: 0, g: 0, b: 0, a: 0}
    currentValueSet: 0
    constantValue: {r: 0.62352943, g: 0.2627451, b: 0.99215686, a: 1}
    constantValueSet: 1
    referenceValue: {fileID: 0}
--- !u!114 &114000013908745016
MonoBehaviour:
  m_ObjectHideFlags: 0
  m_PrefabParentObject: {fileID: 0}
  m_PrefabInternal: {fileID: 0}
  m_GameObject: {fileID: 0}
  m_Enabled: 1
  m_EditorHideFlags: 0
  m_Script: {fileID: 11500000, guid: 49e008cf53e66464898db6420b12d5c1, type: 3}
  m_Name: uidata_chest_opening
  m_EditorClassIdentifier: 
  asset: {fileID: 11400000}
  identifier: image_rarity1_backing
  sprite:
    currentValue: {fileID: 0}
    currentValueSet: 0
    constantValue: {fileID: 0}
    constantValueSet: 0
    referenceValue: {fileID: 0}
  colour:
    currentValue: {r: 0, g: 0, b: 0, a: 0}
    currentValueSet: 0
    constantValue: {r: 0.19215687, g: 0.32941177, b: 0.4509804, a: 1}
    constantValueSet: 1
    referenceValue: {fileID: 0}
--- !u!114 &114000014194377372
MonoBehaviour:
  m_ObjectHideFlags: 0
  m_PrefabParentObject: {fileID: 0}
  m_PrefabInternal: {fileID: 0}
  m_GameObject: {fileID: 0}
  m_Enabled: 1
  m_EditorHideFlags: 0
  m_Script: {fileID: 11500000, guid: 49e008cf53e66464898db6420b12d5c1, type: 3}
  m_Name: uidata_chest_opening
  m_EditorClassIdentifier: 
  asset: {fileID: 11400000}
  identifier: image_rarity2_backing
  sprite:
    currentValue: {fileID: 0}
    currentValueSet: 0
    constantValue: {fileID: 0}
    constantValueSet: 0
    referenceValue: {fileID: 0}
  colour:
    currentValue: {r: 0, g: 0, b: 0, a: 0}
    currentValueSet: 0
    constantValue: {r: 0.6862745, g: 0.40784314, b: 0.08627451, a: 1}
    constantValueSet: 1
    referenceValue: {fileID: 0}
