%YAML 1.1
%TAG !u! tag:unity3d.com,2011:
--- !u!29 &1
SceneSettings:
  m_ObjectHideFlags: 0
  m_PVSData: 
  m_PVSObjectsArray: []
  m_PVSPortalsArray: []
  m_OcclusionBakeSettings:
    smallestOccluder: 5
    smallestHole: 0.25
    backfaceThreshold: 100
--- !u!104 &2
RenderSettings:
  m_ObjectHideFlags: 0
  serializedVersion: 7
  m_Fog: 0
  m_FogColor: {r: 0.5, g: 0.5, b: 0.5, a: 1}
  m_FogMode: 3
  m_FogDensity: 0.01
  m_LinearFogStart: 0
  m_LinearFogEnd: 300
  m_AmbientSkyColor: {r: 0.212, g: 0.227, b: 0.259, a: 1}
  m_AmbientEquatorColor: {r: 0.114, g: 0.125, b: 0.133, a: 1}
  m_AmbientGroundColor: {r: 0.047, g: 0.043, b: 0.035, a: 1}
  m_AmbientIntensity: 1
  m_AmbientMode: 0
  m_SkyboxMaterial: {fileID: 10304, guid: 0000000000000000f000000000000000, type: 0}
  m_HaloStrength: 0.5
  m_FlareStrength: 1
  m_FlareFadeSpeed: 3
  m_HaloTexture: {fileID: 0}
  m_SpotCookie: {fileID: 10001, guid: 0000000000000000e000000000000000, type: 0}
  m_DefaultReflectionMode: 0
  m_DefaultReflectionResolution: 128
  m_ReflectionBounces: 1
  m_ReflectionIntensity: 1
  m_CustomReflection: {fileID: 0}
  m_Sun: {fileID: 0}
  m_IndirectSpecularColor: {r: 0, g: 0, b: 0, a: 1}
--- !u!157 &3
LightmapSettings:
  m_ObjectHideFlags: 0
  serializedVersion: 7
  m_GIWorkflowMode: 1
  m_GISettings:
    serializedVersion: 2
    m_BounceScale: 1
    m_IndirectOutputScale: 1
    m_AlbedoBoost: 1
    m_TemporalCoherenceThreshold: 1
    m_EnvironmentLightingMode: 0
    m_EnableBakedLightmaps: 1
    m_EnableRealtimeLightmaps: 1
  m_LightmapEditorSettings:
    serializedVersion: 4
    m_Resolution: 2
    m_BakeResolution: 40
    m_TextureWidth: 1024
    m_TextureHeight: 1024
    m_AO: 0
    m_AOMaxDistance: 1
    m_CompAOExponent: 0
    m_CompAOExponentDirect: 0
    m_Padding: 2
    m_LightmapParameters: {fileID: 0}
    m_LightmapsBakeMode: 1
    m_TextureCompression: 1
    m_DirectLightInLightProbes: 1
    m_FinalGather: 0
    m_FinalGatherFiltering: 1
    m_FinalGatherRayCount: 1024
    m_ReflectionCompression: 2
  m_LightingDataAsset: {fileID: 0}
  m_RuntimeCPUUsage: 25
--- !u!196 &4
NavMeshSettings:
  serializedVersion: 2
  m_ObjectHideFlags: 0
  m_BuildSettings:
    serializedVersion: 2
    agentRadius: 0.5
    agentHeight: 2
    agentSlope: 45
    agentClimb: 0.4
    ledgeDropHeight: 0
    maxJumpAcrossDistance: 0
    accuratePlacement: 0
    minRegionArea: 2
    cellSize: 0.16666667
    manualCellSize: 0
  m_NavMeshData: {fileID: 0}
--- !u!1 &153779980
GameObject:
  m_ObjectHideFlags: 0
  m_PrefabParentObject: {fileID: 0}
  m_PrefabInternal: {fileID: 0}
  serializedVersion: 4
  m_Component:
  - 224: {fileID: 153779981}
  - 222: {fileID: 153779984}
  - 114: {fileID: 153779983}
  - 114: {fileID: 153779982}
  m_Layer: 5
  m_Name: Text
  m_TagString: Untagged
  m_Icon: {fileID: 0}
  m_NavMeshLayer: 0
  m_StaticEditorFlags: 0
  m_IsActive: 1
--- !u!224 &153779981
RectTransform:
  m_ObjectHideFlags: 0
  m_PrefabParentObject: {fileID: 0}
  m_PrefabInternal: {fileID: 0}
  m_GameObject: {fileID: 153779980}
  m_LocalRotation: {x: 0, y: 0, z: 0, w: 1}
  m_LocalPosition: {x: 0, y: 0, z: 0}
  m_LocalScale: {x: 1, y: 1, z: 1}
  m_LocalEulerAnglesHint: {x: 0, y: 0, z: 0}
  m_Children: []
  m_Father: {fileID: 868894163}
  m_RootOrder: 1
  m_AnchorMin: {x: 0.10267504, y: 0.13511449}
  m_AnchorMax: {x: 0.5506499, y: 0.78244275}
  m_AnchoredPosition: {x: 0, y: 0.5}
  m_SizeDelta: {x: -1, y: 1}
  m_Pivot: {x: 0.5, y: 0.5}
--- !u!114 &153779982
MonoBehaviour:
  m_ObjectHideFlags: 0
  m_PrefabParentObject: {fileID: 0}
  m_PrefabInternal: {fileID: 0}
  m_GameObject: {fileID: 153779980}
  m_Enabled: 1
  m_EditorHideFlags: 0
  m_Script: {fileID: 11500000, guid: d5b6354555a3c4eeca78f043a75f421e, type: 3}
  m_Name: 
  m_EditorClassIdentifier: 
  textData: {fileID: 114000012546868152, guid: 7947c5a1eda9248b79ce018e5d037dcf, type: 2}
  text: {fileID: 153779983}
  mode: 0
--- !u!114 &153779983
MonoBehaviour:
  m_ObjectHideFlags: 0
  m_PrefabParentObject: {fileID: 0}
  m_PrefabInternal: {fileID: 0}
  m_GameObject: {fileID: 153779980}
  m_Enabled: 1
  m_EditorHideFlags: 0
  m_Script: {fileID: 708705254, guid: f5f67c52d1564df4a8936ccd202a3bd8, type: 3}
  m_Name: 
  m_EditorClassIdentifier: 
  m_Material: {fileID: 0}
  m_Color: {r: 1, g: 1, b: 1, a: 1}
  m_RaycastTarget: 1
  m_OnCullStateChanged:
    m_PersistentCalls:
      m_Calls: []
    m_TypeName: UnityEngine.UI.MaskableGraphic+CullStateChangedEvent, UnityEngine.UI,
      Version=1.0.0.0, Culture=neutral, PublicKeyToken=null
  m_FontData:
    m_Font: {fileID: 12800000, guid: 2647d09a61c7f46d3bcea1dcccafde8c, type: 3}
    m_FontSize: 26
    m_FontStyle: 0
    m_BestFit: 1
    m_MinSize: 6
    m_MaxSize: 45
    m_Alignment: 3
    m_AlignByGeometry: 0
    m_RichText: 1
    m_HorizontalOverflow: 0
    m_VerticalOverflow: 0
    m_LineSpacing: 1
  m_Text: "Looks like our little town is booming, let\u2019s name it to celebrate! "
--- !u!222 &153779984
CanvasRenderer:
  m_ObjectHideFlags: 0
  m_PrefabParentObject: {fileID: 0}
  m_PrefabInternal: {fileID: 0}
  m_GameObject: {fileID: 153779980}
--- !u!1 &161908347
GameObject:
  m_ObjectHideFlags: 0
  m_PrefabParentObject: {fileID: 0}
  m_PrefabInternal: {fileID: 0}
  serializedVersion: 4
  m_Component:
  - 224: {fileID: 161908348}
  - 222: {fileID: 161908351}
  - 114: {fileID: 161908350}
  - 114: {fileID: 161908349}
  m_Layer: 5
  m_Name: Text
  m_TagString: Untagged
  m_Icon: {fileID: 0}
  m_NavMeshLayer: 0
  m_StaticEditorFlags: 0
  m_IsActive: 1
--- !u!224 &161908348
RectTransform:
  m_ObjectHideFlags: 0
  m_PrefabParentObject: {fileID: 0}
  m_PrefabInternal: {fileID: 0}
  m_GameObject: {fileID: 161908347}
  m_LocalRotation: {x: 0, y: 0, z: 0, w: 1}
  m_LocalPosition: {x: 0, y: 0, z: 0}
  m_LocalScale: {x: 1, y: 1, z: 1}
  m_LocalEulerAnglesHint: {x: 0, y: 0, z: 0}
  m_Children: []
  m_Father: {fileID: 1972774074}
  m_RootOrder: 1
  m_AnchorMin: {x: 0.10267504, y: 0.13511449}
  m_AnchorMax: {x: 0.5506499, y: 0.78244275}
  m_AnchoredPosition: {x: 0, y: 0.5}
  m_SizeDelta: {x: -1, y: 1}
  m_Pivot: {x: 0.5, y: 0.5}
--- !u!114 &161908349
MonoBehaviour:
  m_ObjectHideFlags: 0
  m_PrefabParentObject: {fileID: 0}
  m_PrefabInternal: {fileID: 0}
  m_GameObject: {fileID: 161908347}
  m_Enabled: 1
  m_EditorHideFlags: 0
  m_Script: {fileID: 11500000, guid: d5b6354555a3c4eeca78f043a75f421e, type: 3}
  m_Name: 
  m_EditorClassIdentifier: 
  textData: {fileID: 114000012546868152, guid: 7947c5a1eda9248b79ce018e5d037dcf, type: 2}
  text: {fileID: 161908350}
  mode: 0
--- !u!114 &161908350
MonoBehaviour:
  m_ObjectHideFlags: 0
  m_PrefabParentObject: {fileID: 0}
  m_PrefabInternal: {fileID: 0}
  m_GameObject: {fileID: 161908347}
  m_Enabled: 1
  m_EditorHideFlags: 0
  m_Script: {fileID: 708705254, guid: f5f67c52d1564df4a8936ccd202a3bd8, type: 3}
  m_Name: 
  m_EditorClassIdentifier: 
  m_Material: {fileID: 0}
  m_Color: {r: 1, g: 1, b: 1, a: 1}
  m_RaycastTarget: 1
  m_OnCullStateChanged:
    m_PersistentCalls:
      m_Calls: []
    m_TypeName: UnityEngine.UI.MaskableGraphic+CullStateChangedEvent, UnityEngine.UI,
      Version=1.0.0.0, Culture=neutral, PublicKeyToken=null
  m_FontData:
    m_Font: {fileID: 12800000, guid: 2647d09a61c7f46d3bcea1dcccafde8c, type: 3}
    m_FontSize: 26
    m_FontStyle: 0
    m_BestFit: 1
    m_MinSize: 6
    m_MaxSize: 45
    m_Alignment: 3
    m_AlignByGeometry: 0
    m_RichText: 1
    m_HorizontalOverflow: 0
    m_VerticalOverflow: 0
    m_LineSpacing: 1
  m_Text: "Looks like our little town is booming, let\u2019s name it to celebrate! "
--- !u!222 &161908351
CanvasRenderer:
  m_ObjectHideFlags: 0
  m_PrefabParentObject: {fileID: 0}
  m_PrefabInternal: {fileID: 0}
  m_GameObject: {fileID: 161908347}
--- !u!1 &215775755
GameObject:
  m_ObjectHideFlags: 0
  m_PrefabParentObject: {fileID: 0}
  m_PrefabInternal: {fileID: 0}
  serializedVersion: 4
  m_Component:
  - 224: {fileID: 215775756}
  - 222: {fileID: 215775758}
  - 114: {fileID: 215775757}
  - 114: {fileID: 215775759}
  m_Layer: 5
  m_Name: Text
  m_TagString: Untagged
  m_Icon: {fileID: 0}
  m_NavMeshLayer: 0
  m_StaticEditorFlags: 0
  m_IsActive: 1
--- !u!224 &215775756
RectTransform:
  m_ObjectHideFlags: 0
  m_PrefabParentObject: {fileID: 0}
  m_PrefabInternal: {fileID: 0}
  m_GameObject: {fileID: 215775755}
  m_LocalRotation: {x: 0, y: 0, z: 0, w: 1}
  m_LocalPosition: {x: 0, y: 0, z: 0}
  m_LocalScale: {x: 1, y: 1, z: 1}
  m_LocalEulerAnglesHint: {x: 0, y: 0, z: 0}
  m_Children: []
  m_Father: {fileID: 604064203}
  m_RootOrder: 0
  m_AnchorMin: {x: 0.30208713, y: 0.098787084}
  m_AnchorMax: {x: 0.94676596, y: 0.8796321}
  m_AnchoredPosition: {x: 0, y: 0}
  m_SizeDelta: {x: 0, y: 0}
  m_Pivot: {x: 0.5, y: 0.5}
--- !u!114 &215775757
MonoBehaviour:
  m_ObjectHideFlags: 0
  m_PrefabParentObject: {fileID: 0}
  m_PrefabInternal: {fileID: 0}
  m_GameObject: {fileID: 215775755}
  m_Enabled: 1
  m_EditorHideFlags: 0
  m_Script: {fileID: 708705254, guid: f5f67c52d1564df4a8936ccd202a3bd8, type: 3}
  m_Name: 
  m_EditorClassIdentifier: 
  m_Material: {fileID: 0}
  m_Color: {r: 1, g: 1, b: 1, a: 1}
  m_RaycastTarget: 1
  m_OnCullStateChanged:
    m_PersistentCalls:
      m_Calls: []
    m_TypeName: UnityEngine.UI.MaskableGraphic+CullStateChangedEvent, UnityEngine.UI,
      Version=1.0.0.0, Culture=neutral, PublicKeyToken=null
  m_FontData:
    m_Font: {fileID: 12800000, guid: 2647d09a61c7f46d3bcea1dcccafde8c, type: 3}
    m_FontSize: 22
    m_FontStyle: 0
    m_BestFit: 1
    m_MinSize: 2
    m_MaxSize: 22
    m_Alignment: 3
    m_AlignByGeometry: 0
    m_RichText: 1
    m_HorizontalOverflow: 0
    m_VerticalOverflow: 0
    m_LineSpacing: 1
  m_Text: Lorem ipsum dolor sit amet, consectetur adipiscing elit.
--- !u!222 &215775758
CanvasRenderer:
  m_ObjectHideFlags: 0
  m_PrefabParentObject: {fileID: 0}
  m_PrefabInternal: {fileID: 0}
  m_GameObject: {fileID: 215775755}
--- !u!114 &215775759
MonoBehaviour:
  m_ObjectHideFlags: 0
  m_PrefabParentObject: {fileID: 0}
  m_PrefabInternal: {fileID: 0}
  m_GameObject: {fileID: 215775755}
  m_Enabled: 1
  m_EditorHideFlags: 0
  m_Script: {fileID: 11500000, guid: d5b6354555a3c4eeca78f043a75f421e, type: 3}
  m_Name: 
  m_EditorClassIdentifier: 
  textData: {fileID: 114000012546868152, guid: 7947c5a1eda9248b79ce018e5d037dcf, type: 2}
  text: {fileID: 215775757}
  mode: 0
--- !u!1 &231611300
GameObject:
  m_ObjectHideFlags: 0
  m_PrefabParentObject: {fileID: 0}
  m_PrefabInternal: {fileID: 0}
  serializedVersion: 4
  m_Component:
  - 224: {fileID: 231611301}
  - 222: {fileID: 231611303}
  - 114: {fileID: 231611302}
  - 114: {fileID: 231611304}
  m_Layer: 5
  m_Name: name
  m_TagString: Untagged
  m_Icon: {fileID: 0}
  m_NavMeshLayer: 0
  m_StaticEditorFlags: 0
  m_IsActive: 1
--- !u!224 &231611301
RectTransform:
  m_ObjectHideFlags: 0
  m_PrefabParentObject: {fileID: 0}
  m_PrefabInternal: {fileID: 0}
  m_GameObject: {fileID: 231611300}
  m_LocalRotation: {x: 0, y: 0, z: 0, w: 1}
  m_LocalPosition: {x: 0, y: 0, z: 0}
  m_LocalScale: {x: 1, y: 1, z: 1}
  m_LocalEulerAnglesHint: {x: 0, y: 0, z: 0}
  m_Children: []
  m_Father: {fileID: 1598071884}
  m_RootOrder: 0
  m_AnchorMin: {x: 0.5, y: 0.5}
  m_AnchorMax: {x: 0.5, y: 0.5}
  m_AnchoredPosition: {x: 0, y: 0}
  m_SizeDelta: {x: 160, y: 30}
  m_Pivot: {x: 0.5, y: 0.5}
--- !u!114 &231611302
MonoBehaviour:
  m_ObjectHideFlags: 0
  m_PrefabParentObject: {fileID: 0}
  m_PrefabInternal: {fileID: 0}
  m_GameObject: {fileID: 231611300}
  m_Enabled: 1
  m_EditorHideFlags: 0
  m_Script: {fileID: 708705254, guid: f5f67c52d1564df4a8936ccd202a3bd8, type: 3}
  m_Name: 
  m_EditorClassIdentifier: 
  m_Material: {fileID: 0}
  m_Color: {r: 1, g: 1, b: 1, a: 1}
  m_RaycastTarget: 1
  m_OnCullStateChanged:
    m_PersistentCalls:
      m_Calls: []
    m_TypeName: UnityEngine.UI.MaskableGraphic+CullStateChangedEvent, UnityEngine.UI,
      Version=1.0.0.0, Culture=neutral, PublicKeyToken=null
  m_FontData:
    m_Font: {fileID: 12800000, guid: 2647d09a61c7f46d3bcea1dcccafde8c, type: 3}
    m_FontSize: 19
    m_FontStyle: 0
    m_BestFit: 0
    m_MinSize: 10
    m_MaxSize: 40
    m_Alignment: 4
    m_AlignByGeometry: 0
    m_RichText: 1
    m_HorizontalOverflow: 0
    m_VerticalOverflow: 0
    m_LineSpacing: 1
  m_Text: Town Mayor
--- !u!222 &231611303
CanvasRenderer:
  m_ObjectHideFlags: 0
  m_PrefabParentObject: {fileID: 0}
  m_PrefabInternal: {fileID: 0}
  m_GameObject: {fileID: 231611300}
--- !u!114 &231611304
MonoBehaviour:
  m_ObjectHideFlags: 0
  m_PrefabParentObject: {fileID: 0}
  m_PrefabInternal: {fileID: 0}
  m_GameObject: {fileID: 231611300}
  m_Enabled: 1
  m_EditorHideFlags: 0
  m_Script: {fileID: 11500000, guid: d5b6354555a3c4eeca78f043a75f421e, type: 3}
  m_Name: 
  m_EditorClassIdentifier: 
  textData: {fileID: 0}
  text: {fileID: 0}
  mode: 0
--- !u!1 &236415539
GameObject:
  m_ObjectHideFlags: 0
  m_PrefabParentObject: {fileID: 0}
  m_PrefabInternal: {fileID: 0}
  serializedVersion: 4
  m_Component:
  - 224: {fileID: 236415540}
  - 222: {fileID: 236415543}
  - 114: {fileID: 236415542}
  - 111: {fileID: 236415541}
  - 114: {fileID: 236415544}
  m_Layer: 5
  m_Name: Image
  m_TagString: Untagged
  m_Icon: {fileID: 0}
  m_NavMeshLayer: 0
  m_StaticEditorFlags: 0
  m_IsActive: 1
--- !u!224 &236415540
RectTransform:
  m_ObjectHideFlags: 0
  m_PrefabParentObject: {fileID: 0}
  m_PrefabInternal: {fileID: 0}
  m_GameObject: {fileID: 236415539}
  m_LocalRotation: {x: 0, y: 0, z: 0, w: 1}
  m_LocalPosition: {x: 0, y: 0, z: 0}
  m_LocalScale: {x: 1, y: 1, z: 1}
  m_LocalEulerAnglesHint: {x: 0, y: 0, z: 0}
  m_Children: []
  m_Father: {fileID: 1774598407}
  m_RootOrder: 0
  m_AnchorMin: {x: 0, y: 0.5}
  m_AnchorMax: {x: 0, y: 0.5}
  m_AnchoredPosition: {x: 0, y: -0.000030517578}
  m_SizeDelta: {x: 300, y: 146}
  m_Pivot: {x: 0, y: 0.5}
--- !u!111 &236415541
Animation:
  m_ObjectHideFlags: 0
  m_PrefabParentObject: {fileID: 0}
  m_PrefabInternal: {fileID: 0}
  m_GameObject: {fileID: 236415539}
  m_Enabled: 1
  serializedVersion: 3
  m_Animation: {fileID: 7400000, guid: 0c3d2d281a35b41c491dc6fb80946725, type: 2}
  m_Animations:
  - {fileID: 7400000, guid: 0c3d2d281a35b41c491dc6fb80946725, type: 2}
  m_WrapMode: 0
  m_PlayAutomatically: 0
  m_AnimatePhysics: 0
  m_CullingType: 0
--- !u!114 &236415542
MonoBehaviour:
  m_ObjectHideFlags: 0
  m_PrefabParentObject: {fileID: 0}
  m_PrefabInternal: {fileID: 0}
  m_GameObject: {fileID: 236415539}
  m_Enabled: 1
  m_EditorHideFlags: 0
  m_Script: {fileID: -765806418, guid: f5f67c52d1564df4a8936ccd202a3bd8, type: 3}
  m_Name: 
  m_EditorClassIdentifier: 
  m_Material: {fileID: 0}
  m_Color: {r: 1, g: 1, b: 1, a: 1}
  m_RaycastTarget: 1
  m_OnCullStateChanged:
    m_PersistentCalls:
      m_Calls: []
    m_TypeName: UnityEngine.UI.MaskableGraphic+CullStateChangedEvent, UnityEngine.UI,
      Version=1.0.0.0, Culture=neutral, PublicKeyToken=null
  m_Sprite: {fileID: 21300000, guid: 5f991f35b3f204fb79d2a16545b2382d, type: 3}
  m_Type: 0
  m_PreserveAspect: 0
  m_FillCenter: 1
  m_FillMethod: 4
  m_FillAmount: 1
  m_FillClockwise: 1
  m_FillOrigin: 0
--- !u!222 &236415543
CanvasRenderer:
  m_ObjectHideFlags: 0
  m_PrefabParentObject: {fileID: 0}
  m_PrefabInternal: {fileID: 0}
  m_GameObject: {fileID: 236415539}
--- !u!114 &236415544
MonoBehaviour:
  m_ObjectHideFlags: 0
  m_PrefabParentObject: {fileID: 0}
  m_PrefabInternal: {fileID: 0}
  m_GameObject: {fileID: 236415539}
  m_Enabled: 1
  m_EditorHideFlags: 0
  m_Script: {fileID: 11500000, guid: 7f56d9e2afa484e5a881d355d9297a9d, type: 3}
  m_Name: 
  m_EditorClassIdentifier: 
  animationData: {fileID: 114000013397155570, guid: 7947c5a1eda9248b79ce018e5d037dcf,
    type: 2}
  allowDisableGameObjectOnState: 0
  disableGameObjectState: 0
  cachedAnimation: {fileID: 236415541}
--- !u!1 &270142630
GameObject:
  m_ObjectHideFlags: 0
  m_PrefabParentObject: {fileID: 0}
  m_PrefabInternal: {fileID: 0}
  serializedVersion: 4
  m_Component:
  - 224: {fileID: 270142631}
  - 222: {fileID: 270142633}
  - 114: {fileID: 270142632}
  m_Layer: 5
  m_Name: name_tag
  m_TagString: Untagged
  m_Icon: {fileID: 0}
  m_NavMeshLayer: 0
  m_StaticEditorFlags: 0
  m_IsActive: 1
--- !u!224 &270142631
RectTransform:
  m_ObjectHideFlags: 0
  m_PrefabParentObject: {fileID: 0}
  m_PrefabInternal: {fileID: 0}
  m_GameObject: {fileID: 270142630}
  m_LocalRotation: {x: -0, y: -0, z: -0, w: 1}
  m_LocalPosition: {x: 0, y: 0, z: 0}
  m_LocalScale: {x: 1, y: 1, z: 1}
  m_LocalEulerAnglesHint: {x: 0, y: 0, z: 0}
  m_Children:
  - {fileID: 1113280240}
  m_Father: {fileID: 1833706192}
  m_RootOrder: 2
  m_AnchorMin: {x: 0, y: 1}
  m_AnchorMax: {x: 0, y: 1}
  m_AnchoredPosition: {x: 133.99998, y: -8}
  m_SizeDelta: {x: 186, y: 40}
  m_Pivot: {x: 0.5, y: 0.5}
--- !u!114 &270142632
MonoBehaviour:
  m_ObjectHideFlags: 0
  m_PrefabParentObject: {fileID: 0}
  m_PrefabInternal: {fileID: 0}
  m_GameObject: {fileID: 270142630}
  m_Enabled: 1
  m_EditorHideFlags: 0
  m_Script: {fileID: -765806418, guid: f5f67c52d1564df4a8936ccd202a3bd8, type: 3}
  m_Name: 
  m_EditorClassIdentifier: 
  m_Material: {fileID: 0}
  m_Color: {r: 0.2784314, g: 0.48235297, b: 0.65882355, a: 1}
  m_RaycastTarget: 1
  m_OnCullStateChanged:
    m_PersistentCalls:
      m_Calls: []
    m_TypeName: UnityEngine.UI.MaskableGraphic+CullStateChangedEvent, UnityEngine.UI,
      Version=1.0.0.0, Culture=neutral, PublicKeyToken=null
  m_Sprite: {fileID: 21300000, guid: 819ba085540ba41ab9ba421d3726e474, type: 3}
  m_Type: 1
  m_PreserveAspect: 0
  m_FillCenter: 1
  m_FillMethod: 4
  m_FillAmount: 1
  m_FillClockwise: 1
  m_FillOrigin: 0
--- !u!222 &270142633
CanvasRenderer:
  m_ObjectHideFlags: 0
  m_PrefabParentObject: {fileID: 0}
  m_PrefabInternal: {fileID: 0}
  m_GameObject: {fileID: 270142630}
--- !u!1 &545259573
GameObject:
  m_ObjectHideFlags: 0
  m_PrefabParentObject: {fileID: 0}
  m_PrefabInternal: {fileID: 0}
  serializedVersion: 4
  m_Component:
  - 224: {fileID: 545259576}
  - 222: {fileID: 545259575}
  - 114: {fileID: 545259574}
  m_Layer: 5
  m_Name: tip_no_arrow_bottom_right
  m_TagString: Untagged
  m_Icon: {fileID: 0}
  m_NavMeshLayer: 0
  m_StaticEditorFlags: 0
  m_IsActive: 0
--- !u!114 &545259574
MonoBehaviour:
  m_ObjectHideFlags: 0
  m_PrefabParentObject: {fileID: 0}
  m_PrefabInternal: {fileID: 0}
  m_GameObject: {fileID: 545259573}
  m_Enabled: 1
  m_EditorHideFlags: 0
  m_Script: {fileID: -765806418, guid: f5f67c52d1564df4a8936ccd202a3bd8, type: 3}
  m_Name: 
  m_EditorClassIdentifier: 
  m_Material: {fileID: 0}
  m_Color: {r: 1, g: 1, b: 1, a: 1}
  m_RaycastTarget: 1
  m_OnCullStateChanged:
    m_PersistentCalls:
      m_Calls: []
    m_TypeName: UnityEngine.UI.MaskableGraphic+CullStateChangedEvent, UnityEngine.UI,
      Version=1.0.0.0, Culture=neutral, PublicKeyToken=null
  m_Sprite: {fileID: 21300000, guid: 395a461c855854f5bb1ced27aa4d5d4c, type: 3}
  m_Type: 1
  m_PreserveAspect: 0
  m_FillCenter: 1
  m_FillMethod: 4
  m_FillAmount: 1
  m_FillClockwise: 1
  m_FillOrigin: 0
--- !u!222 &545259575
CanvasRenderer:
  m_ObjectHideFlags: 0
  m_PrefabParentObject: {fileID: 0}
  m_PrefabInternal: {fileID: 0}
  m_GameObject: {fileID: 545259573}
--- !u!224 &545259576
RectTransform:
  m_ObjectHideFlags: 0
  m_PrefabParentObject: {fileID: 0}
  m_PrefabInternal: {fileID: 0}
  m_GameObject: {fileID: 545259573}
  m_LocalRotation: {x: -0, y: -0, z: -0, w: 1}
  m_LocalPosition: {x: 0, y: 0, z: 0}
  m_LocalScale: {x: 1, y: 1, z: 1}
  m_LocalEulerAnglesHint: {x: 0, y: 0, z: 0}
  m_Children:
  - {fileID: 1750834371}
  m_Father: {fileID: 628152032}
  m_RootOrder: 9
  m_AnchorMin: {x: 0.5, y: 0.5}
  m_AnchorMax: {x: 0.5, y: 0.5}
  m_AnchoredPosition: {x: 399.16995, y: -282}
  m_SizeDelta: {x: 450, y: 150}
  m_Pivot: {x: 0.5, y: 0.5}
--- !u!1 &604064202
GameObject:
  m_ObjectHideFlags: 0
  m_PrefabParentObject: {fileID: 0}
  m_PrefabInternal: {fileID: 0}
  serializedVersion: 4
  m_Component:
  - 224: {fileID: 604064203}
  - 222: {fileID: 604064205}
  - 114: {fileID: 604064204}
  m_Layer: 5
  m_Name: tip_arrow
  m_TagString: Untagged
  m_Icon: {fileID: 0}
  m_NavMeshLayer: 0
  m_StaticEditorFlags: 0
  m_IsActive: 1
--- !u!224 &604064203
RectTransform:
  m_ObjectHideFlags: 0
  m_PrefabParentObject: {fileID: 0}
  m_PrefabInternal: {fileID: 0}
  m_GameObject: {fileID: 604064202}
  m_LocalRotation: {x: 0, y: 0, z: 0, w: 1}
  m_LocalPosition: {x: 0, y: 0, z: 0}
  m_LocalScale: {x: 1, y: 1, z: 1}
  m_LocalEulerAnglesHint: {x: 0, y: 0, z: 0}
  m_Children:
  - {fileID: 215775756}
  - {fileID: 1951558788}
  m_Father: {fileID: 628152032}
  m_RootOrder: 7
  m_AnchorMin: {x: 0.5, y: 0.5}
  m_AnchorMax: {x: 0.5, y: 0.5}
  m_AnchoredPosition: {x: -410, y: 279}
  m_SizeDelta: {x: 450, y: 150}
  m_Pivot: {x: 0.5, y: 0.5}
--- !u!114 &604064204
MonoBehaviour:
  m_ObjectHideFlags: 0
  m_PrefabParentObject: {fileID: 0}
  m_PrefabInternal: {fileID: 0}
  m_GameObject: {fileID: 604064202}
  m_Enabled: 1
  m_EditorHideFlags: 0
  m_Script: {fileID: -765806418, guid: f5f67c52d1564df4a8936ccd202a3bd8, type: 3}
  m_Name: 
  m_EditorClassIdentifier: 
  m_Material: {fileID: 0}
  m_Color: {r: 1, g: 1, b: 1, a: 1}
  m_RaycastTarget: 1
  m_OnCullStateChanged:
    m_PersistentCalls:
      m_Calls: []
    m_TypeName: UnityEngine.UI.MaskableGraphic+CullStateChangedEvent, UnityEngine.UI,
      Version=1.0.0.0, Culture=neutral, PublicKeyToken=null
  m_Sprite: {fileID: 21300000, guid: 2a6bbeb0eca58429bb437d280082a3db, type: 3}
  m_Type: 1
  m_PreserveAspect: 0
  m_FillCenter: 1
  m_FillMethod: 4
  m_FillAmount: 1
  m_FillClockwise: 1
  m_FillOrigin: 0
--- !u!222 &604064205
CanvasRenderer:
  m_ObjectHideFlags: 0
  m_PrefabParentObject: {fileID: 0}
  m_PrefabInternal: {fileID: 0}
  m_GameObject: {fileID: 604064202}
--- !u!1 &628152028
GameObject:
  m_ObjectHideFlags: 0
  m_PrefabParentObject: {fileID: 0}
  m_PrefabInternal: {fileID: 0}
  serializedVersion: 4
  m_Component:
  - 224: {fileID: 628152032}
  - 223: {fileID: 628152031}
  - 114: {fileID: 628152030}
  - 114: {fileID: 628152029}
  - 225: {fileID: 628152034}
  - 114: {fileID: 628152033}
  - 114: {fileID: 628152035}
  - 114: {fileID: 628152036}
  m_Layer: 5
  m_Name: Canvas
  m_TagString: Untagged
  m_Icon: {fileID: 0}
  m_NavMeshLayer: 0
  m_StaticEditorFlags: 0
  m_IsActive: 1
--- !u!114 &628152029
MonoBehaviour:
  m_ObjectHideFlags: 0
  m_PrefabParentObject: {fileID: 0}
  m_PrefabInternal: {fileID: 0}
  m_GameObject: {fileID: 628152028}
  m_Enabled: 1
  m_EditorHideFlags: 0
  m_Script: {fileID: 1301386320, guid: f5f67c52d1564df4a8936ccd202a3bd8, type: 3}
  m_Name: 
  m_EditorClassIdentifier: 
  m_IgnoreReversedGraphics: 1
  m_BlockingObjects: 0
  m_BlockingMask:
    serializedVersion: 2
    m_Bits: 4294967295
--- !u!114 &628152030
MonoBehaviour:
  m_ObjectHideFlags: 0
  m_PrefabParentObject: {fileID: 0}
  m_PrefabInternal: {fileID: 0}
  m_GameObject: {fileID: 628152028}
  m_Enabled: 1
  m_EditorHideFlags: 0
  m_Script: {fileID: 1980459831, guid: f5f67c52d1564df4a8936ccd202a3bd8, type: 3}
  m_Name: 
  m_EditorClassIdentifier: 
  m_UiScaleMode: 0
  m_ReferencePixelsPerUnit: 100
  m_ScaleFactor: 1
  m_ReferenceResolution: {x: 800, y: 600}
  m_ScreenMatchMode: 0
  m_MatchWidthOrHeight: 0
  m_PhysicalUnit: 3
  m_FallbackScreenDPI: 96
  m_DefaultSpriteDPI: 96
  m_DynamicPixelsPerUnit: 1
--- !u!223 &628152031
Canvas:
  m_ObjectHideFlags: 0
  m_PrefabParentObject: {fileID: 0}
  m_PrefabInternal: {fileID: 0}
  m_GameObject: {fileID: 628152028}
  m_Enabled: 1
  serializedVersion: 2
  m_RenderMode: 0
  m_Camera: {fileID: 0}
  m_PlaneDistance: 100
  m_PixelPerfect: 0
  m_ReceivesEvents: 1
  m_OverrideSorting: 0
  m_OverridePixelPerfect: 0
  m_SortingBucketNormalizedSize: 0
  m_SortingLayerID: 0
  m_SortingOrder: 2
  m_TargetDisplay: 0
--- !u!224 &628152032
RectTransform:
  m_ObjectHideFlags: 0
  m_PrefabParentObject: {fileID: 0}
  m_PrefabInternal: {fileID: 0}
  m_GameObject: {fileID: 628152028}
  m_LocalRotation: {x: 0, y: 0, z: 0, w: 1}
  m_LocalPosition: {x: 0, y: 0, z: 0}
  m_LocalScale: {x: 0, y: 0, z: 0}
  m_LocalEulerAnglesHint: {x: 0, y: 0, z: 0}
  m_Children:
  - {fileID: 1632915757}
  - {fileID: 1461444746}
  - {fileID: 868894163}
  - {fileID: 1972774074}
  - {fileID: 1833706192}
  - {fileID: 1138659905}
  - {fileID: 1774598407}
  - {fileID: 604064203}
  - {fileID: 1334359259}
  - {fileID: 545259576}
  m_Father: {fileID: 0}
  m_RootOrder: 0
  m_AnchorMin: {x: 0, y: 0}
  m_AnchorMax: {x: 0, y: 0}
  m_AnchoredPosition: {x: 0, y: 0}
  m_SizeDelta: {x: 0, y: 0}
  m_Pivot: {x: 0, y: 0}
--- !u!114 &628152033
MonoBehaviour:
  m_ObjectHideFlags: 0
  m_PrefabParentObject: {fileID: 0}
  m_PrefabInternal: {fileID: 0}
  m_GameObject: {fileID: 628152028}
  m_Enabled: 1
  m_EditorHideFlags: 0
  m_Script: {fileID: 11500000, guid: 52abe30469759472a8da07a330338854, type: 3}
  m_Name: 
  m_EditorClassIdentifier: 
  canvasData: {fileID: 114000011797225098, guid: 7947c5a1eda9248b79ce018e5d037dcf,
    type: 2}
  canvas: {fileID: 628152031}
--- !u!225 &628152034
CanvasGroup:
  m_ObjectHideFlags: 0
  m_PrefabParentObject: {fileID: 0}
  m_PrefabInternal: {fileID: 0}
  m_GameObject: {fileID: 628152028}
  m_Enabled: 1
  m_Alpha: 1
  m_Interactable: 1
  m_BlocksRaycasts: 0
  m_IgnoreParentGroups: 0
--- !u!114 &628152035
MonoBehaviour:
  m_ObjectHideFlags: 0
  m_PrefabParentObject: {fileID: 0}
  m_PrefabInternal: {fileID: 0}
  m_GameObject: {fileID: 628152028}
  m_Enabled: 1
  m_EditorHideFlags: 0
  m_Script: {fileID: 11500000, guid: 2d1bdde323f1a4ab1ab15939117d9959, type: 3}
  m_Name: 
  m_EditorClassIdentifier: 
  animationData: {fileID: 114000012260811810, guid: 7947c5a1eda9248b79ce018e5d037dcf,
    type: 2}
  allowDisableGameObjectOnState: 0
  disableGameObjectState: 0
  curve:
    serializedVersion: 2
    m_Curve:
    - time: 0
      value: 0
      inSlope: 4
      outSlope: 4
      tangentMode: 10
    - time: 0.25
      value: 1
      inSlope: 4
      outSlope: 4
      tangentMode: 10
    m_PreInfinity: 2
    m_PostInfinity: 2
    m_RotationOrder: 0
  canvasRenderer: {fileID: 0}
  canvasGroup: {fileID: 628152034}
--- !u!114 &628152036
MonoBehaviour:
  m_ObjectHideFlags: 0
  m_PrefabParentObject: {fileID: 0}
  m_PrefabInternal: {fileID: 0}
  m_GameObject: {fileID: 628152028}
  m_Enabled: 1
  m_EditorHideFlags: 0
  m_Script: {fileID: 11500000, guid: 2a15c7826600f4283814313528b1c589, type: 3}
  m_Name: 
  m_EditorClassIdentifier: 
  selectorData: {fileID: 114000014155513646, guid: 7947c5a1eda9248b79ce018e5d037dcf,
    type: 2}
  stateList:
  - state: BottomRight
    enableList:
    - {fileID: 1461444745}
    - {fileID: 1774598406}
  - state: BottomLeft
    enableList:
    - {fileID: 868894160}
    - {fileID: 1774598406}
  - state: TopLeft
    enableList:
    - {fileID: 1972774071}
    - {fileID: 1774598406}
  - state: TopRight
    enableList:
    - {fileID: 1833706189}
    - {fileID: 1774598406}
  - state: Tip
    enableList:
    - {fileID: 604064202}
  - state: TipNoArrow
    enableList:
    - {fileID: 1334359258}
  - state: TipAndPointer
    enableList:
    - {fileID: 545259573}
    - {fileID: 1774598406}
  - state: BottomRightNoArrow
    enableList:
    - {fileID: 1461444745}
    - {fileID: 1632915756}
--- !u!1 &868894160
GameObject:
  m_ObjectHideFlags: 0
  m_PrefabParentObject: {fileID: 145058, guid: c4babafdb692542b9818b9a4319d6bc3, type: 2}
  m_PrefabInternal: {fileID: 0}
  serializedVersion: 4
  m_Component:
  - 224: {fileID: 868894163}
  - 222: {fileID: 868894162}
  - 114: {fileID: 868894161}
  m_Layer: 5
  m_Name: dialogue_box_bottom_left
  m_TagString: Untagged
  m_Icon: {fileID: 0}
  m_NavMeshLayer: 0
  m_StaticEditorFlags: 0
  m_IsActive: 0
--- !u!114 &868894161
MonoBehaviour:
  m_ObjectHideFlags: 0
  m_PrefabParentObject: {fileID: 11403946, guid: c4babafdb692542b9818b9a4319d6bc3,
    type: 2}
  m_PrefabInternal: {fileID: 0}
  m_GameObject: {fileID: 868894160}
  m_Enabled: 1
  m_EditorHideFlags: 0
  m_Script: {fileID: -765806418, guid: f5f67c52d1564df4a8936ccd202a3bd8, type: 3}
  m_Name: 
  m_EditorClassIdentifier: 
  m_Material: {fileID: 0}
  m_Color: {r: 1, g: 1, b: 1, a: 1}
  m_RaycastTarget: 1
  m_OnCullStateChanged:
    m_PersistentCalls:
      m_Calls: []
    m_TypeName: UnityEngine.UI.MaskableGraphic+CullStateChangedEvent, UnityEngine.UI,
      Version=1.0.0.0, Culture=neutral, PublicKeyToken=null
  m_Sprite: {fileID: 21300000, guid: 44cb3d55fc418485aa7c63fece1467a7, type: 3}
  m_Type: 1
  m_PreserveAspect: 0
  m_FillCenter: 1
  m_FillMethod: 4
  m_FillAmount: 1
  m_FillClockwise: 1
  m_FillOrigin: 0
--- !u!222 &868894162
CanvasRenderer:
  m_ObjectHideFlags: 0
  m_PrefabParentObject: {fileID: 22215330, guid: c4babafdb692542b9818b9a4319d6bc3,
    type: 2}
  m_PrefabInternal: {fileID: 0}
  m_GameObject: {fileID: 868894160}
--- !u!224 &868894163
RectTransform:
  m_ObjectHideFlags: 0
  m_PrefabParentObject: {fileID: 22420250, guid: c4babafdb692542b9818b9a4319d6bc3,
    type: 2}
  m_PrefabInternal: {fileID: 0}
  m_GameObject: {fileID: 868894160}
  m_LocalRotation: {x: -0, y: -0, z: -0, w: 1}
  m_LocalPosition: {x: 0, y: 0, z: 0}
  m_LocalScale: {x: 1, y: 1, z: 1}
  m_LocalEulerAnglesHint: {x: 0, y: 0, z: 0}
  m_Children:
  - {fileID: 1747935037}
  - {fileID: 153779981}
  - {fileID: 1241054432}
  m_Father: {fileID: 628152032}
  m_RootOrder: 2
  m_AnchorMin: {x: 0, y: 0.000000044177153}
  m_AnchorMax: {x: 0, y: 0.000000044177153}
  m_AnchoredPosition: {x: 339.33008, y: 173}
  m_SizeDelta: {x: 597, y: 262}
  m_Pivot: {x: 0.5, y: 0.5}
--- !u!1 &900299167
GameObject:
  m_ObjectHideFlags: 0
  m_PrefabParentObject: {fileID: 0}
  m_PrefabInternal: {fileID: 0}
  serializedVersion: 4
  m_Component:
  - 224: {fileID: 900299168}
  - 222: {fileID: 900299171}
  - 114: {fileID: 900299170}
  - 114: {fileID: 900299169}
  m_Layer: 5
  m_Name: name
  m_TagString: Untagged
  m_Icon: {fileID: 0}
  m_NavMeshLayer: 0
  m_StaticEditorFlags: 0
  m_IsActive: 1
--- !u!224 &900299168
RectTransform:
  m_ObjectHideFlags: 0
  m_PrefabParentObject: {fileID: 0}
  m_PrefabInternal: {fileID: 0}
  m_GameObject: {fileID: 900299167}
  m_LocalRotation: {x: 0, y: 0, z: 0, w: 1}
  m_LocalPosition: {x: 0, y: 0, z: 0}
  m_LocalScale: {x: 1, y: 1, z: 1}
  m_LocalEulerAnglesHint: {x: 0, y: 0, z: 0}
  m_Children: []
  m_Father: {fileID: 1969641343}
  m_RootOrder: 0
  m_AnchorMin: {x: 0.5, y: 0.5}
  m_AnchorMax: {x: 0.5, y: 0.5}
  m_AnchoredPosition: {x: 0, y: 0}
  m_SizeDelta: {x: 160, y: 30}
  m_Pivot: {x: 0.5, y: 0.5}
--- !u!114 &900299169
MonoBehaviour:
  m_ObjectHideFlags: 0
  m_PrefabParentObject: {fileID: 0}
  m_PrefabInternal: {fileID: 0}
  m_GameObject: {fileID: 900299167}
  m_Enabled: 1
  m_EditorHideFlags: 0
  m_Script: {fileID: 11500000, guid: d5b6354555a3c4eeca78f043a75f421e, type: 3}
  m_Name: 
  m_EditorClassIdentifier: 
  textData: {fileID: 0}
  text: {fileID: 0}
  mode: 0
--- !u!114 &900299170
MonoBehaviour:
  m_ObjectHideFlags: 0
  m_PrefabParentObject: {fileID: 0}
  m_PrefabInternal: {fileID: 0}
  m_GameObject: {fileID: 900299167}
  m_Enabled: 1
  m_EditorHideFlags: 0
  m_Script: {fileID: 708705254, guid: f5f67c52d1564df4a8936ccd202a3bd8, type: 3}
  m_Name: 
  m_EditorClassIdentifier: 
  m_Material: {fileID: 0}
  m_Color: {r: 1, g: 1, b: 1, a: 1}
  m_RaycastTarget: 1
  m_OnCullStateChanged:
    m_PersistentCalls:
      m_Calls: []
    m_TypeName: UnityEngine.UI.MaskableGraphic+CullStateChangedEvent, UnityEngine.UI,
      Version=1.0.0.0, Culture=neutral, PublicKeyToken=null
  m_FontData:
    m_Font: {fileID: 12800000, guid: 2647d09a61c7f46d3bcea1dcccafde8c, type: 3}
    m_FontSize: 19
    m_FontStyle: 0
    m_BestFit: 0
    m_MinSize: 10
    m_MaxSize: 40
    m_Alignment: 4
    m_AlignByGeometry: 0
    m_RichText: 1
    m_HorizontalOverflow: 0
    m_VerticalOverflow: 0
    m_LineSpacing: 1
  m_Text: Town Mayor
--- !u!222 &900299171
CanvasRenderer:
  m_ObjectHideFlags: 0
  m_PrefabParentObject: {fileID: 0}
  m_PrefabInternal: {fileID: 0}
  m_GameObject: {fileID: 900299167}
--- !u!1 &1014655983
GameObject:
  m_ObjectHideFlags: 0
  m_PrefabParentObject: {fileID: 0}
  m_PrefabInternal: {fileID: 0}
  serializedVersion: 4
  m_Component:
  - 224: {fileID: 1014655984}
  - 222: {fileID: 1014655987}
  - 114: {fileID: 1014655986}
  - 114: {fileID: 1014655985}
  m_Layer: 5
  m_Name: Text
  m_TagString: Untagged
  m_Icon: {fileID: 0}
  m_NavMeshLayer: 0
  m_StaticEditorFlags: 0
  m_IsActive: 1
--- !u!224 &1014655984
RectTransform:
  m_ObjectHideFlags: 0
  m_PrefabParentObject: {fileID: 0}
  m_PrefabInternal: {fileID: 0}
  m_GameObject: {fileID: 1014655983}
  m_LocalRotation: {x: 0, y: 0, z: 0, w: 1}
  m_LocalPosition: {x: 0, y: 0, z: 0}
  m_LocalScale: {x: 1, y: 1, z: 1}
  m_LocalEulerAnglesHint: {x: 0, y: 0, z: 0}
  m_Children: []
  m_Father: {fileID: 1334359259}
  m_RootOrder: 0
  m_AnchorMin: {x: 0.20997602, y: 0.08812752}
  m_AnchorMax: {x: 0.93709934, y: 0.86897254}
  m_AnchoredPosition: {x: 0, y: 0}
  m_SizeDelta: {x: 0, y: 0}
  m_Pivot: {x: 0.5, y: 0.5}
--- !u!114 &1014655985
MonoBehaviour:
  m_ObjectHideFlags: 0
  m_PrefabParentObject: {fileID: 0}
  m_PrefabInternal: {fileID: 0}
  m_GameObject: {fileID: 1014655983}
  m_Enabled: 1
  m_EditorHideFlags: 0
  m_Script: {fileID: 11500000, guid: d5b6354555a3c4eeca78f043a75f421e, type: 3}
  m_Name: 
  m_EditorClassIdentifier: 
  textData: {fileID: 114000012546868152, guid: 7947c5a1eda9248b79ce018e5d037dcf, type: 2}
  text: {fileID: 1014655986}
  mode: 0
--- !u!114 &1014655986
MonoBehaviour:
  m_ObjectHideFlags: 0
  m_PrefabParentObject: {fileID: 0}
  m_PrefabInternal: {fileID: 0}
  m_GameObject: {fileID: 1014655983}
  m_Enabled: 1
  m_EditorHideFlags: 0
  m_Script: {fileID: 708705254, guid: f5f67c52d1564df4a8936ccd202a3bd8, type: 3}
  m_Name: 
  m_EditorClassIdentifier: 
  m_Material: {fileID: 0}
  m_Color: {r: 1, g: 1, b: 1, a: 1}
  m_RaycastTarget: 1
  m_OnCullStateChanged:
    m_PersistentCalls:
      m_Calls: []
    m_TypeName: UnityEngine.UI.MaskableGraphic+CullStateChangedEvent, UnityEngine.UI,
      Version=1.0.0.0, Culture=neutral, PublicKeyToken=null
  m_FontData:
    m_Font: {fileID: 12800000, guid: 2647d09a61c7f46d3bcea1dcccafde8c, type: 3}
    m_FontSize: 22
    m_FontStyle: 0
    m_BestFit: 1
    m_MinSize: 2
    m_MaxSize: 22
    m_Alignment: 3
    m_AlignByGeometry: 0
    m_RichText: 1
    m_HorizontalOverflow: 0
    m_VerticalOverflow: 0
    m_LineSpacing: 1
  m_Text: Lorem ipsum dolor sit amet, consectetur adipiscing elit.
--- !u!222 &1014655987
CanvasRenderer:
  m_ObjectHideFlags: 0
  m_PrefabParentObject: {fileID: 0}
  m_PrefabInternal: {fileID: 0}
  m_GameObject: {fileID: 1014655983}
--- !u!1 &1113280239
GameObject:
  m_ObjectHideFlags: 0
  m_PrefabParentObject: {fileID: 0}
  m_PrefabInternal: {fileID: 0}
  serializedVersion: 4
  m_Component:
  - 224: {fileID: 1113280240}
  - 222: {fileID: 1113280243}
  - 114: {fileID: 1113280242}
  - 114: {fileID: 1113280241}
  m_Layer: 5
  m_Name: name
  m_TagString: Untagged
  m_Icon: {fileID: 0}
  m_NavMeshLayer: 0
  m_StaticEditorFlags: 0
  m_IsActive: 1
--- !u!224 &1113280240
RectTransform:
  m_ObjectHideFlags: 0
  m_PrefabParentObject: {fileID: 0}
  m_PrefabInternal: {fileID: 0}
  m_GameObject: {fileID: 1113280239}
  m_LocalRotation: {x: 0, y: 0, z: 0, w: 1}
  m_LocalPosition: {x: 0, y: 0, z: 0}
  m_LocalScale: {x: 1, y: 1, z: 1}
  m_LocalEulerAnglesHint: {x: 0, y: 0, z: 0}
  m_Children: []
  m_Father: {fileID: 270142631}
  m_RootOrder: 0
  m_AnchorMin: {x: 0.5, y: 0.5}
  m_AnchorMax: {x: 0.5, y: 0.5}
  m_AnchoredPosition: {x: 0, y: 0}
  m_SizeDelta: {x: 160, y: 30}
  m_Pivot: {x: 0.5, y: 0.5}
--- !u!114 &1113280241
MonoBehaviour:
  m_ObjectHideFlags: 0
  m_PrefabParentObject: {fileID: 0}
  m_PrefabInternal: {fileID: 0}
  m_GameObject: {fileID: 1113280239}
  m_Enabled: 1
  m_EditorHideFlags: 0
  m_Script: {fileID: 11500000, guid: d5b6354555a3c4eeca78f043a75f421e, type: 3}
  m_Name: 
  m_EditorClassIdentifier: 
  textData: {fileID: 0}
  text: {fileID: 0}
  mode: 0
--- !u!114 &1113280242
MonoBehaviour:
  m_ObjectHideFlags: 0
  m_PrefabParentObject: {fileID: 0}
  m_PrefabInternal: {fileID: 0}
  m_GameObject: {fileID: 1113280239}
  m_Enabled: 1
  m_EditorHideFlags: 0
  m_Script: {fileID: 708705254, guid: f5f67c52d1564df4a8936ccd202a3bd8, type: 3}
  m_Name: 
  m_EditorClassIdentifier: 
  m_Material: {fileID: 0}
  m_Color: {r: 1, g: 1, b: 1, a: 1}
  m_RaycastTarget: 1
  m_OnCullStateChanged:
    m_PersistentCalls:
      m_Calls: []
    m_TypeName: UnityEngine.UI.MaskableGraphic+CullStateChangedEvent, UnityEngine.UI,
      Version=1.0.0.0, Culture=neutral, PublicKeyToken=null
  m_FontData:
    m_Font: {fileID: 12800000, guid: 2647d09a61c7f46d3bcea1dcccafde8c, type: 3}
    m_FontSize: 19
    m_FontStyle: 0
    m_BestFit: 0
    m_MinSize: 10
    m_MaxSize: 40
    m_Alignment: 4
    m_AlignByGeometry: 0
    m_RichText: 1
    m_HorizontalOverflow: 0
    m_VerticalOverflow: 0
    m_LineSpacing: 1
  m_Text: Town Mayor
--- !u!222 &1113280243
CanvasRenderer:
  m_ObjectHideFlags: 0
  m_PrefabParentObject: {fileID: 0}
  m_PrefabInternal: {fileID: 0}
  m_GameObject: {fileID: 1113280239}
--- !u!1 &1138659904
GameObject:
  m_ObjectHideFlags: 0
  m_PrefabParentObject: {fileID: 0}
  m_PrefabInternal: {fileID: 0}
  serializedVersion: 4
  m_Component:
  - 224: {fileID: 1138659905}
  - 222: {fileID: 1138659907}
  - 114: {fileID: 1138659906}
  - 114: {fileID: 1138659908}
  m_Layer: 5
  m_Name: Backing
  m_TagString: Untagged
  m_Icon: {fileID: 0}
  m_NavMeshLayer: 0
  m_StaticEditorFlags: 0
  m_IsActive: 0
--- !u!224 &1138659905
RectTransform:
  m_ObjectHideFlags: 0
  m_PrefabParentObject: {fileID: 0}
  m_PrefabInternal: {fileID: 0}
  m_GameObject: {fileID: 1138659904}
  m_LocalRotation: {x: 0, y: 0, z: 0, w: 1}
  m_LocalPosition: {x: 0, y: 0, z: 0}
  m_LocalScale: {x: 1, y: 1, z: 1}
  m_LocalEulerAnglesHint: {x: 0, y: 0, z: 0}
  m_Children: []
  m_Father: {fileID: 628152032}
  m_RootOrder: 5
  m_AnchorMin: {x: 0, y: 0}
  m_AnchorMax: {x: 1, y: 1}
  m_AnchoredPosition: {x: 0, y: 0}
  m_SizeDelta: {x: 0, y: 0}
  m_Pivot: {x: 0.5, y: 0.5}
--- !u!114 &1138659906
MonoBehaviour:
  m_ObjectHideFlags: 0
  m_PrefabParentObject: {fileID: 0}
  m_PrefabInternal: {fileID: 0}
  m_GameObject: {fileID: 1138659904}
  m_Enabled: 1
  m_EditorHideFlags: 0
  m_Script: {fileID: -765806418, guid: f5f67c52d1564df4a8936ccd202a3bd8, type: 3}
  m_Name: 
  m_EditorClassIdentifier: 
  m_Material: {fileID: 0}
  m_Color: {r: 0, g: 0, b: 0, a: 0.7}
  m_RaycastTarget: 1
  m_OnCullStateChanged:
    m_PersistentCalls:
      m_Calls: []
    m_TypeName: UnityEngine.UI.MaskableGraphic+CullStateChangedEvent, UnityEngine.UI,
      Version=1.0.0.0, Culture=neutral, PublicKeyToken=null
  m_Sprite: {fileID: 0}
  m_Type: 0
  m_PreserveAspect: 0
  m_FillCenter: 1
  m_FillMethod: 4
  m_FillAmount: 1
  m_FillClockwise: 1
  m_FillOrigin: 0
--- !u!222 &1138659907
CanvasRenderer:
  m_ObjectHideFlags: 0
  m_PrefabParentObject: {fileID: 0}
  m_PrefabInternal: {fileID: 0}
  m_GameObject: {fileID: 1138659904}
--- !u!114 &1138659908
MonoBehaviour:
  m_ObjectHideFlags: 0
  m_PrefabParentObject: {fileID: 0}
  m_PrefabInternal: {fileID: 0}
  m_GameObject: {fileID: 1138659904}
  m_Enabled: 1
  m_EditorHideFlags: 0
  m_Script: {fileID: 11500000, guid: eb6ba332fd7114b70b03c6fa3b9b8bc5, type: 3}
  m_Name: 
  m_EditorClassIdentifier: 
--- !u!1 &1241054431
GameObject:
  m_ObjectHideFlags: 0
  m_PrefabParentObject: {fileID: 0}
  m_PrefabInternal: {fileID: 0}
  serializedVersion: 4
  m_Component:
  - 224: {fileID: 1241054432}
  - 222: {fileID: 1241054434}
  - 114: {fileID: 1241054433}
  m_Layer: 5
  m_Name: name_tag
  m_TagString: Untagged
  m_Icon: {fileID: 0}
  m_NavMeshLayer: 0
  m_StaticEditorFlags: 0
  m_IsActive: 1
--- !u!224 &1241054432
RectTransform:
  m_ObjectHideFlags: 0
  m_PrefabParentObject: {fileID: 0}
  m_PrefabInternal: {fileID: 0}
  m_GameObject: {fileID: 1241054431}
  m_LocalRotation: {x: -0, y: -0, z: -0, w: 1}
  m_LocalPosition: {x: 0, y: 0, z: 0}
  m_LocalScale: {x: 1, y: 1, z: 1}
  m_LocalEulerAnglesHint: {x: 0, y: 0, z: 0}
  m_Children:
  - {fileID: 1951410545}
  m_Father: {fileID: 868894163}
  m_RootOrder: 2
  m_AnchorMin: {x: 0, y: 1}
  m_AnchorMax: {x: 0, y: 1}
  m_AnchoredPosition: {x: 133.99998, y: -8}
  m_SizeDelta: {x: 186, y: 40}
  m_Pivot: {x: 0.5, y: 0.5}
--- !u!114 &1241054433
MonoBehaviour:
  m_ObjectHideFlags: 0
  m_PrefabParentObject: {fileID: 0}
  m_PrefabInternal: {fileID: 0}
  m_GameObject: {fileID: 1241054431}
  m_Enabled: 1
  m_EditorHideFlags: 0
  m_Script: {fileID: -765806418, guid: f5f67c52d1564df4a8936ccd202a3bd8, type: 3}
  m_Name: 
  m_EditorClassIdentifier: 
  m_Material: {fileID: 0}
  m_Color: {r: 0.2784314, g: 0.48235297, b: 0.65882355, a: 1}
  m_RaycastTarget: 1
  m_OnCullStateChanged:
    m_PersistentCalls:
      m_Calls: []
    m_TypeName: UnityEngine.UI.MaskableGraphic+CullStateChangedEvent, UnityEngine.UI,
      Version=1.0.0.0, Culture=neutral, PublicKeyToken=null
  m_Sprite: {fileID: 21300000, guid: 819ba085540ba41ab9ba421d3726e474, type: 3}
  m_Type: 1
  m_PreserveAspect: 0
  m_FillCenter: 1
  m_FillMethod: 4
  m_FillAmount: 1
  m_FillClockwise: 1
  m_FillOrigin: 0
--- !u!222 &1241054434
CanvasRenderer:
  m_ObjectHideFlags: 0
  m_PrefabParentObject: {fileID: 0}
  m_PrefabInternal: {fileID: 0}
  m_GameObject: {fileID: 1241054431}
--- !u!1 &1262881071
GameObject:
  m_ObjectHideFlags: 0
  m_PrefabParentObject: {fileID: 0}
  m_PrefabInternal: {fileID: 0}
  serializedVersion: 4
  m_Component:
  - 224: {fileID: 1262881072}
  - 222: {fileID: 1262881074}
  - 114: {fileID: 1262881073}
  - 114: {fileID: 1262881075}
  m_Layer: 5
  m_Name: Text
  m_TagString: Untagged
  m_Icon: {fileID: 0}
  m_NavMeshLayer: 0
  m_StaticEditorFlags: 0
  m_IsActive: 1
--- !u!224 &1262881072
RectTransform:
  m_ObjectHideFlags: 0
  m_PrefabParentObject: {fileID: 0}
  m_PrefabInternal: {fileID: 0}
  m_GameObject: {fileID: 1262881071}
  m_LocalRotation: {x: 0, y: 0, z: 0, w: 1}
  m_LocalPosition: {x: 0, y: 0, z: 0}
  m_LocalScale: {x: 1, y: 1, z: 1}
  m_LocalEulerAnglesHint: {x: 0, y: 0, z: 0}
  m_Children: []
  m_Father: {fileID: 1461444746}
  m_RootOrder: 1
  m_AnchorMin: {x: 0.10267504, y: 0.13511449}
  m_AnchorMax: {x: 0.5506499, y: 0.78244275}
  m_AnchoredPosition: {x: 3.9309692, y: 0.5}
  m_SizeDelta: {x: 6.8619, y: 1}
  m_Pivot: {x: 0.5, y: 0.5}
--- !u!114 &1262881073
MonoBehaviour:
  m_ObjectHideFlags: 0
  m_PrefabParentObject: {fileID: 0}
  m_PrefabInternal: {fileID: 0}
  m_GameObject: {fileID: 1262881071}
  m_Enabled: 1
  m_EditorHideFlags: 0
  m_Script: {fileID: 708705254, guid: f5f67c52d1564df4a8936ccd202a3bd8, type: 3}
  m_Name: 
  m_EditorClassIdentifier: 
  m_Material: {fileID: 0}
  m_Color: {r: 1, g: 1, b: 1, a: 1}
  m_RaycastTarget: 1
  m_OnCullStateChanged:
    m_PersistentCalls:
      m_Calls: []
    m_TypeName: UnityEngine.UI.MaskableGraphic+CullStateChangedEvent, UnityEngine.UI,
      Version=1.0.0.0, Culture=neutral, PublicKeyToken=null
  m_FontData:
    m_Font: {fileID: 12800000, guid: 2647d09a61c7f46d3bcea1dcccafde8c, type: 3}
    m_FontSize: 26
    m_FontStyle: 0
    m_BestFit: 1
    m_MinSize: 6
    m_MaxSize: 45
    m_Alignment: 3
    m_AlignByGeometry: 0
    m_RichText: 1
    m_HorizontalOverflow: 0
    m_VerticalOverflow: 0
    m_LineSpacing: 1
  m_Text: "Looks like our little town is booming, let\u2019s name it to celebrate! "
--- !u!222 &1262881074
CanvasRenderer:
  m_ObjectHideFlags: 0
  m_PrefabParentObject: {fileID: 0}
  m_PrefabInternal: {fileID: 0}
  m_GameObject: {fileID: 1262881071}
--- !u!114 &1262881075
MonoBehaviour:
  m_ObjectHideFlags: 0
  m_PrefabParentObject: {fileID: 0}
  m_PrefabInternal: {fileID: 0}
  m_GameObject: {fileID: 1262881071}
  m_Enabled: 1
  m_EditorHideFlags: 0
  m_Script: {fileID: 11500000, guid: d5b6354555a3c4eeca78f043a75f421e, type: 3}
  m_Name: 
  m_EditorClassIdentifier: 
  textData: {fileID: 114000012546868152, guid: 7947c5a1eda9248b79ce018e5d037dcf, type: 2}
  text: {fileID: 1262881073}
  mode: 0
--- !u!1 &1297197156
GameObject:
  m_ObjectHideFlags: 0
  m_PrefabParentObject: {fileID: 0}
  m_PrefabInternal: {fileID: 0}
  serializedVersion: 4
  m_Component:
  - 224: {fileID: 1297197157}
  - 222: {fileID: 1297197159}
  - 114: {fileID: 1297197158}
  m_Layer: 5
  m_Name: Image
  m_TagString: Untagged
  m_Icon: {fileID: 0}
  m_NavMeshLayer: 0
  m_StaticEditorFlags: 0
  m_IsActive: 1
--- !u!224 &1297197157
RectTransform:
  m_ObjectHideFlags: 0
  m_PrefabParentObject: {fileID: 0}
  m_PrefabInternal: {fileID: 0}
  m_GameObject: {fileID: 1297197156}
  m_LocalRotation: {x: 0, y: 0, z: 0, w: 1}
  m_LocalPosition: {x: 0, y: 0, z: 0}
  m_LocalScale: {x: 1, y: 1, z: 1}
  m_LocalEulerAnglesHint: {x: 0, y: 0, z: 0}
  m_Children: []
  m_Father: {fileID: 1972774074}
  m_RootOrder: 0
  m_AnchorMin: {x: 1, y: 1}
  m_AnchorMax: {x: 1, y: 1}
  m_AnchoredPosition: {x: -133.1, y: -108.5}
  m_SizeDelta: {x: 255.6, y: 284.46997}
  m_Pivot: {x: 0.5, y: 0.5}
--- !u!114 &1297197158
MonoBehaviour:
  m_ObjectHideFlags: 0
  m_PrefabParentObject: {fileID: 0}
  m_PrefabInternal: {fileID: 0}
  m_GameObject: {fileID: 1297197156}
  m_Enabled: 1
  m_EditorHideFlags: 0
  m_Script: {fileID: -765806418, guid: f5f67c52d1564df4a8936ccd202a3bd8, type: 3}
  m_Name: 
  m_EditorClassIdentifier: 
  m_Material: {fileID: 0}
  m_Color: {r: 1, g: 1, b: 1, a: 1}
  m_RaycastTarget: 1
  m_OnCullStateChanged:
    m_PersistentCalls:
      m_Calls: []
    m_TypeName: UnityEngine.UI.MaskableGraphic+CullStateChangedEvent, UnityEngine.UI,
      Version=1.0.0.0, Culture=neutral, PublicKeyToken=null
  m_Sprite: {fileID: 21300000, guid: 15722417f40834887a3576ca189d7993, type: 3}
  m_Type: 0
  m_PreserveAspect: 0
  m_FillCenter: 1
  m_FillMethod: 4
  m_FillAmount: 1
  m_FillClockwise: 1
  m_FillOrigin: 0
--- !u!222 &1297197159
CanvasRenderer:
  m_ObjectHideFlags: 0
  m_PrefabParentObject: {fileID: 0}
  m_PrefabInternal: {fileID: 0}
  m_GameObject: {fileID: 1297197156}
--- !u!1 &1334359258
GameObject:
  m_ObjectHideFlags: 0
  m_PrefabParentObject: {fileID: 0}
  m_PrefabInternal: {fileID: 0}
  serializedVersion: 4
  m_Component:
  - 224: {fileID: 1334359259}
  - 222: {fileID: 1334359261}
  - 114: {fileID: 1334359260}
  m_Layer: 5
  m_Name: tip_no_arrow
  m_TagString: Untagged
  m_Icon: {fileID: 0}
  m_NavMeshLayer: 0
  m_StaticEditorFlags: 0
  m_IsActive: 1
--- !u!224 &1334359259
RectTransform:
  m_ObjectHideFlags: 0
  m_PrefabParentObject: {fileID: 0}
  m_PrefabInternal: {fileID: 0}
  m_GameObject: {fileID: 1334359258}
  m_LocalRotation: {x: -0, y: -0, z: -0, w: 1}
  m_LocalPosition: {x: 0, y: 0, z: 0}
  m_LocalScale: {x: 1, y: 1, z: 1}
  m_LocalEulerAnglesHint: {x: 0, y: 0, z: 0}
  m_Children:
  - {fileID: 1014655984}
  - {fileID: 1551596568}
  m_Father: {fileID: 628152032}
  m_RootOrder: 8
  m_AnchorMin: {x: 0.5, y: 0.5}
  m_AnchorMax: {x: 0.5, y: 0.5}
  m_AnchoredPosition: {x: -410, y: 279}
  m_SizeDelta: {x: 450, y: 150}
  m_Pivot: {x: 0.5, y: 0.5}
--- !u!114 &1334359260
MonoBehaviour:
  m_ObjectHideFlags: 0
  m_PrefabParentObject: {fileID: 0}
  m_PrefabInternal: {fileID: 0}
  m_GameObject: {fileID: 1334359258}
  m_Enabled: 1
  m_EditorHideFlags: 0
  m_Script: {fileID: -765806418, guid: f5f67c52d1564df4a8936ccd202a3bd8, type: 3}
  m_Name: 
  m_EditorClassIdentifier: 
  m_Material: {fileID: 0}
  m_Color: {r: 1, g: 1, b: 1, a: 1}
  m_RaycastTarget: 1
  m_OnCullStateChanged:
    m_PersistentCalls:
      m_Calls: []
    m_TypeName: UnityEngine.UI.MaskableGraphic+CullStateChangedEvent, UnityEngine.UI,
      Version=1.0.0.0, Culture=neutral, PublicKeyToken=null
  m_Sprite: {fileID: 21300000, guid: 395a461c855854f5bb1ced27aa4d5d4c, type: 3}
  m_Type: 1
  m_PreserveAspect: 0
  m_FillCenter: 1
  m_FillMethod: 4
  m_FillAmount: 1
  m_FillClockwise: 1
  m_FillOrigin: 0
--- !u!222 &1334359261
CanvasRenderer:
  m_ObjectHideFlags: 0
  m_PrefabParentObject: {fileID: 0}
  m_PrefabInternal: {fileID: 0}
  m_GameObject: {fileID: 1334359258}
--- !u!1 &1461444745
GameObject:
  m_ObjectHideFlags: 0
  m_PrefabParentObject: {fileID: 145058, guid: c4babafdb692542b9818b9a4319d6bc3, type: 2}
  m_PrefabInternal: {fileID: 0}
  serializedVersion: 4
  m_Component:
  - 224: {fileID: 1461444746}
  - 222: {fileID: 1461444748}
  - 114: {fileID: 1461444747}
  m_Layer: 5
  m_Name: dialogue_box_bottom_right
  m_TagString: Untagged
  m_Icon: {fileID: 0}
  m_NavMeshLayer: 0
  m_StaticEditorFlags: 0
  m_IsActive: 1
--- !u!224 &1461444746
RectTransform:
  m_ObjectHideFlags: 0
  m_PrefabParentObject: {fileID: 22420250, guid: c4babafdb692542b9818b9a4319d6bc3,
    type: 2}
  m_PrefabInternal: {fileID: 0}
  m_GameObject: {fileID: 1461444745}
  m_LocalRotation: {x: -0, y: -0, z: -0, w: 1}
  m_LocalPosition: {x: 0, y: 0, z: 0}
  m_LocalScale: {x: 1, y: 1, z: 1}
  m_LocalEulerAnglesHint: {x: 0, y: 0, z: 0}
  m_Children:
  - {fileID: 2115767552}
  - {fileID: 1262881072}
  - {fileID: 1598071884}
  m_Father: {fileID: 628152032}
  m_RootOrder: 1
  m_AnchorMin: {x: 1, y: 0.000000044177153}
  m_AnchorMax: {x: 1, y: 0.000000044177153}
  m_AnchoredPosition: {x: -341.3333, y: 173}
  m_SizeDelta: {x: 597, y: 262}
  m_Pivot: {x: 0.5, y: 0.5}
--- !u!114 &1461444747
MonoBehaviour:
  m_ObjectHideFlags: 0
  m_PrefabParentObject: {fileID: 11403946, guid: c4babafdb692542b9818b9a4319d6bc3,
    type: 2}
  m_PrefabInternal: {fileID: 0}
  m_GameObject: {fileID: 1461444745}
  m_Enabled: 1
  m_EditorHideFlags: 0
  m_Script: {fileID: -765806418, guid: f5f67c52d1564df4a8936ccd202a3bd8, type: 3}
  m_Name: 
  m_EditorClassIdentifier: 
  m_Material: {fileID: 0}
  m_Color: {r: 1, g: 1, b: 1, a: 1}
  m_RaycastTarget: 1
  m_OnCullStateChanged:
    m_PersistentCalls:
      m_Calls: []
    m_TypeName: UnityEngine.UI.MaskableGraphic+CullStateChangedEvent, UnityEngine.UI,
      Version=1.0.0.0, Culture=neutral, PublicKeyToken=null
  m_Sprite: {fileID: 21300000, guid: 44cb3d55fc418485aa7c63fece1467a7, type: 3}
  m_Type: 1
  m_PreserveAspect: 0
  m_FillCenter: 1
  m_FillMethod: 4
  m_FillAmount: 1
  m_FillClockwise: 1
  m_FillOrigin: 0
--- !u!222 &1461444748
CanvasRenderer:
  m_ObjectHideFlags: 0
  m_PrefabParentObject: {fileID: 22215330, guid: c4babafdb692542b9818b9a4319d6bc3,
    type: 2}
  m_PrefabInternal: {fileID: 0}
  m_GameObject: {fileID: 1461444745}
--- !u!1 &1551596567
GameObject:
  m_ObjectHideFlags: 0
  m_PrefabParentObject: {fileID: 0}
  m_PrefabInternal: {fileID: 0}
  serializedVersion: 4
  m_Component:
  - 224: {fileID: 1551596568}
  - 222: {fileID: 1551596570}
  - 114: {fileID: 1551596569}
  m_Layer: 5
  m_Name: Image
  m_TagString: Untagged
  m_Icon: {fileID: 0}
  m_NavMeshLayer: 0
  m_StaticEditorFlags: 0
  m_IsActive: 1
--- !u!224 &1551596568
RectTransform:
  m_ObjectHideFlags: 0
  m_PrefabParentObject: {fileID: 0}
  m_PrefabInternal: {fileID: 0}
  m_GameObject: {fileID: 1551596567}
  m_LocalRotation: {x: 0, y: 0, z: 0, w: 1}
  m_LocalPosition: {x: 0, y: 0, z: 0}
  m_LocalScale: {x: 1, y: 1, z: 1}
  m_LocalEulerAnglesHint: {x: 0, y: 0, z: 0}
  m_Children: []
  m_Father: {fileID: 1334359259}
  m_RootOrder: 1
  m_AnchorMin: {x: 0, y: 0.5}
  m_AnchorMax: {x: 0, y: 0.5}
  m_AnchoredPosition: {x: 54.1, y: -1.6}
  m_SizeDelta: {x: 22, y: 34}
  m_Pivot: {x: 0.5, y: 0.5}
--- !u!114 &1551596569
MonoBehaviour:
  m_ObjectHideFlags: 0
  m_PrefabParentObject: {fileID: 0}
  m_PrefabInternal: {fileID: 0}
  m_GameObject: {fileID: 1551596567}
  m_Enabled: 1
  m_EditorHideFlags: 0
  m_Script: {fileID: -765806418, guid: f5f67c52d1564df4a8936ccd202a3bd8, type: 3}
  m_Name: 
  m_EditorClassIdentifier: 
  m_Material: {fileID: 0}
  m_Color: {r: 1, g: 1, b: 1, a: 1}
  m_RaycastTarget: 1
  m_OnCullStateChanged:
    m_PersistentCalls:
      m_Calls: []
    m_TypeName: UnityEngine.UI.MaskableGraphic+CullStateChangedEvent, UnityEngine.UI,
      Version=1.0.0.0, Culture=neutral, PublicKeyToken=null
  m_Sprite: {fileID: 21300000, guid: 74b8f1af84dc74c37813e43a2a2a5e14, type: 3}
  m_Type: 0
  m_PreserveAspect: 0
  m_FillCenter: 1
  m_FillMethod: 4
  m_FillAmount: 1
  m_FillClockwise: 1
  m_FillOrigin: 0
--- !u!222 &1551596570
CanvasRenderer:
  m_ObjectHideFlags: 0
  m_PrefabParentObject: {fileID: 0}
  m_PrefabInternal: {fileID: 0}
  m_GameObject: {fileID: 1551596567}
--- !u!1 &1598071883
GameObject:
  m_ObjectHideFlags: 0
  m_PrefabParentObject: {fileID: 0}
  m_PrefabInternal: {fileID: 0}
  serializedVersion: 4
  m_Component:
  - 224: {fileID: 1598071884}
  - 222: {fileID: 1598071886}
  - 114: {fileID: 1598071885}
  m_Layer: 5
  m_Name: name_tag
  m_TagString: Untagged
  m_Icon: {fileID: 0}
  m_NavMeshLayer: 0
  m_StaticEditorFlags: 0
  m_IsActive: 1
--- !u!224 &1598071884
RectTransform:
  m_ObjectHideFlags: 0
  m_PrefabParentObject: {fileID: 0}
  m_PrefabInternal: {fileID: 0}
  m_GameObject: {fileID: 1598071883}
  m_LocalRotation: {x: -0, y: -0, z: -0, w: 1}
  m_LocalPosition: {x: 0, y: 0, z: 0}
  m_LocalScale: {x: 1, y: 1, z: 1}
  m_LocalEulerAnglesHint: {x: 0, y: 0, z: 0}
  m_Children:
  - {fileID: 231611301}
  m_Father: {fileID: 1461444746}
  m_RootOrder: 2
  m_AnchorMin: {x: 0, y: 1}
  m_AnchorMax: {x: 0, y: 1}
  m_AnchoredPosition: {x: 133.99998, y: -8}
  m_SizeDelta: {x: 186, y: 40}
  m_Pivot: {x: 0.5, y: 0.5}
--- !u!114 &1598071885
MonoBehaviour:
  m_ObjectHideFlags: 0
  m_PrefabParentObject: {fileID: 0}
  m_PrefabInternal: {fileID: 0}
  m_GameObject: {fileID: 1598071883}
  m_Enabled: 1
  m_EditorHideFlags: 0
  m_Script: {fileID: -765806418, guid: f5f67c52d1564df4a8936ccd202a3bd8, type: 3}
  m_Name: 
  m_EditorClassIdentifier: 
  m_Material: {fileID: 0}
  m_Color: {r: 0.2784314, g: 0.48235297, b: 0.65882355, a: 1}
  m_RaycastTarget: 1
  m_OnCullStateChanged:
    m_PersistentCalls:
      m_Calls: []
    m_TypeName: UnityEngine.UI.MaskableGraphic+CullStateChangedEvent, UnityEngine.UI,
      Version=1.0.0.0, Culture=neutral, PublicKeyToken=null
  m_Sprite: {fileID: 21300000, guid: 819ba085540ba41ab9ba421d3726e474, type: 3}
  m_Type: 1
  m_PreserveAspect: 0
  m_FillCenter: 1
  m_FillMethod: 4
  m_FillAmount: 1
  m_FillClockwise: 1
  m_FillOrigin: 0
--- !u!222 &1598071886
CanvasRenderer:
  m_ObjectHideFlags: 0
  m_PrefabParentObject: {fileID: 0}
  m_PrefabInternal: {fileID: 0}
  m_GameObject: {fileID: 1598071883}
--- !u!1 &1632915756
GameObject:
  m_ObjectHideFlags: 0
  m_PrefabParentObject: {fileID: 0}
  m_PrefabInternal: {fileID: 0}
  serializedVersion: 4
  m_Component:
  - 224: {fileID: 1632915757}
  - 225: {fileID: 1632915758}
  m_Layer: 5
  m_Name: whole_screen_canvasgroup
  m_TagString: Untagged
  m_Icon: {fileID: 0}
  m_NavMeshLayer: 0
  m_StaticEditorFlags: 0
  m_IsActive: 1
--- !u!224 &1632915757
RectTransform:
  m_ObjectHideFlags: 0
  m_PrefabParentObject: {fileID: 0}
  m_PrefabInternal: {fileID: 0}
  m_GameObject: {fileID: 1632915756}
  m_LocalRotation: {x: 0, y: 0, z: 0, w: 1}
  m_LocalPosition: {x: 0, y: 0, z: 0}
  m_LocalScale: {x: 1, y: 1, z: 1}
  m_LocalEulerAnglesHint: {x: 0, y: 0, z: 0}
  m_Children:
  - {fileID: 1770109962}
  m_Father: {fileID: 628152032}
  m_RootOrder: 0
  m_AnchorMin: {x: 0, y: 0}
  m_AnchorMax: {x: 1, y: 1}
  m_AnchoredPosition: {x: 0, y: 0}
  m_SizeDelta: {x: 0, y: 0}
  m_Pivot: {x: 0.5, y: 0.5}
--- !u!225 &1632915758
CanvasGroup:
  m_ObjectHideFlags: 0
  m_PrefabParentObject: {fileID: 0}
  m_PrefabInternal: {fileID: 0}
  m_GameObject: {fileID: 1632915756}
  m_Enabled: 1
  m_Alpha: 0
  m_Interactable: 1
  m_BlocksRaycasts: 1
  m_IgnoreParentGroups: 1
--- !u!1 &1635004259
GameObject:
  m_ObjectHideFlags: 0
  m_PrefabParentObject: {fileID: 0}
  m_PrefabInternal: {fileID: 0}
  serializedVersion: 4
  m_Component:
  - 224: {fileID: 1635004260}
  - 222: {fileID: 1635004263}
  - 114: {fileID: 1635004262}
  - 114: {fileID: 1635004261}
  m_Layer: 5
  m_Name: Text
  m_TagString: Untagged
  m_Icon: {fileID: 0}
  m_NavMeshLayer: 0
  m_StaticEditorFlags: 0
  m_IsActive: 1
--- !u!224 &1635004260
RectTransform:
  m_ObjectHideFlags: 0
  m_PrefabParentObject: {fileID: 0}
  m_PrefabInternal: {fileID: 0}
  m_GameObject: {fileID: 1635004259}
  m_LocalRotation: {x: 0, y: 0, z: 0, w: 1}
  m_LocalPosition: {x: 0, y: 0, z: 0}
  m_LocalScale: {x: 1, y: 1, z: 1}
  m_LocalEulerAnglesHint: {x: 0, y: 0, z: 0}
  m_Children: []
  m_Father: {fileID: 1833706192}
  m_RootOrder: 1
  m_AnchorMin: {x: 0.10267504, y: 0.13511449}
  m_AnchorMax: {x: 0.5506499, y: 0.78244275}
  m_AnchoredPosition: {x: 0, y: 0.5}
  m_SizeDelta: {x: -1, y: 1}
  m_Pivot: {x: 0.5, y: 0.5}
--- !u!114 &1635004261
MonoBehaviour:
  m_ObjectHideFlags: 0
  m_PrefabParentObject: {fileID: 0}
  m_PrefabInternal: {fileID: 0}
  m_GameObject: {fileID: 1635004259}
  m_Enabled: 1
  m_EditorHideFlags: 0
  m_Script: {fileID: 11500000, guid: d5b6354555a3c4eeca78f043a75f421e, type: 3}
  m_Name: 
  m_EditorClassIdentifier: 
  textData: {fileID: 114000012546868152, guid: 7947c5a1eda9248b79ce018e5d037dcf, type: 2}
  text: {fileID: 1635004262}
  mode: 0
--- !u!114 &1635004262
MonoBehaviour:
  m_ObjectHideFlags: 0
  m_PrefabParentObject: {fileID: 0}
  m_PrefabInternal: {fileID: 0}
  m_GameObject: {fileID: 1635004259}
  m_Enabled: 1
  m_EditorHideFlags: 0
  m_Script: {fileID: 708705254, guid: f5f67c52d1564df4a8936ccd202a3bd8, type: 3}
  m_Name: 
  m_EditorClassIdentifier: 
  m_Material: {fileID: 0}
  m_Color: {r: 1, g: 1, b: 1, a: 1}
  m_RaycastTarget: 1
  m_OnCullStateChanged:
    m_PersistentCalls:
      m_Calls: []
    m_TypeName: UnityEngine.UI.MaskableGraphic+CullStateChangedEvent, UnityEngine.UI,
      Version=1.0.0.0, Culture=neutral, PublicKeyToken=null
  m_FontData:
    m_Font: {fileID: 12800000, guid: 2647d09a61c7f46d3bcea1dcccafde8c, type: 3}
    m_FontSize: 26
    m_FontStyle: 0
    m_BestFit: 1
    m_MinSize: 6
    m_MaxSize: 45
    m_Alignment: 3
    m_AlignByGeometry: 0
    m_RichText: 1
    m_HorizontalOverflow: 0
    m_VerticalOverflow: 0
    m_LineSpacing: 1
  m_Text: "Looks like our little town is booming, let\u2019s name it to celebrate! "
--- !u!222 &1635004263
CanvasRenderer:
  m_ObjectHideFlags: 0
  m_PrefabParentObject: {fileID: 0}
  m_PrefabInternal: {fileID: 0}
  m_GameObject: {fileID: 1635004259}
--- !u!1 &1725734427
GameObject:
  m_ObjectHideFlags: 0
  m_PrefabParentObject: {fileID: 0}
  m_PrefabInternal: {fileID: 0}
  serializedVersion: 4
  m_Component:
  - 4: {fileID: 1725734431}
  - 114: {fileID: 1725734430}
  - 114: {fileID: 1725734429}
  - 114: {fileID: 1725734428}
  m_Layer: 0
  m_Name: Panel
  m_TagString: Untagged
  m_Icon: {fileID: 0}
  m_NavMeshLayer: 0
  m_StaticEditorFlags: 0
  m_IsActive: 1
--- !u!114 &1725734428
MonoBehaviour:
  m_ObjectHideFlags: 0
  m_PrefabParentObject: {fileID: 0}
  m_PrefabInternal: {fileID: 0}
  m_GameObject: {fileID: 1725734427}
  m_Enabled: 1
  m_EditorHideFlags: 0
  m_Script: {fileID: 11500000, guid: 066c67093a4164907a023ffc7e4edaa1, type: 3}
  m_Name: 
  m_EditorClassIdentifier: 
--- !u!114 &1725734429
MonoBehaviour:
  m_ObjectHideFlags: 0
  m_PrefabParentObject: {fileID: 0}
  m_PrefabInternal: {fileID: 0}
  m_GameObject: {fileID: 1725734427}
  m_Enabled: 1
  m_EditorHideFlags: 0
  m_Script: {fileID: 11500000, guid: 5fadef9b34075467baa7846781898a4d, type: 3}
  m_Name: 
  m_EditorClassIdentifier: 
  sourceScenePath: 
  sourceSceneHash: 
--- !u!114 &1725734430
MonoBehaviour:
  m_ObjectHideFlags: 0
  m_PrefabParentObject: {fileID: 0}
  m_PrefabInternal: {fileID: 0}
  m_GameObject: {fileID: 1725734427}
  m_Enabled: 1
  m_EditorHideFlags: 0
  m_Script: {fileID: 11500000, guid: 52608b13daf5b4eda9cfe0134fc9d7f5, type: 3}
  m_Name: 
  m_EditorClassIdentifier: 
  dataStorage: {fileID: 2021264255}
  eventSystem: {fileID: 1954929544}
  secondaryDataStorageList: []
--- !u!4 &1725734431
Transform:
  m_ObjectHideFlags: 0
  m_PrefabParentObject: {fileID: 0}
  m_PrefabInternal: {fileID: 0}
  m_GameObject: {fileID: 1725734427}
  m_LocalRotation: {x: 0, y: 0, z: 0, w: 1}
  m_LocalPosition: {x: 0, y: 0, z: 0}
  m_LocalScale: {x: 1, y: 1, z: 1}
  m_LocalEulerAnglesHint: {x: 0, y: 0, z: 0}
  m_Children: []
  m_Father: {fileID: 0}
  m_RootOrder: 2
--- !u!1 &1747935036
GameObject:
  m_ObjectHideFlags: 0
  m_PrefabParentObject: {fileID: 0}
  m_PrefabInternal: {fileID: 0}
  serializedVersion: 4
  m_Component:
  - 224: {fileID: 1747935037}
  - 222: {fileID: 1747935039}
  - 114: {fileID: 1747935038}
  m_Layer: 5
  m_Name: Image
  m_TagString: Untagged
  m_Icon: {fileID: 0}
  m_NavMeshLayer: 0
  m_StaticEditorFlags: 0
  m_IsActive: 1
--- !u!224 &1747935037
RectTransform:
  m_ObjectHideFlags: 0
  m_PrefabParentObject: {fileID: 0}
  m_PrefabInternal: {fileID: 0}
  m_GameObject: {fileID: 1747935036}
  m_LocalRotation: {x: 0, y: 0, z: 0, w: 1}
  m_LocalPosition: {x: 0, y: 0, z: 0}
  m_LocalScale: {x: 1, y: 1, z: 1}
  m_LocalEulerAnglesHint: {x: 0, y: 0, z: 0}
  m_Children: []
  m_Father: {fileID: 868894163}
  m_RootOrder: 0
  m_AnchorMin: {x: 1, y: 1}
  m_AnchorMax: {x: 1, y: 1}
  m_AnchoredPosition: {x: -133.1, y: -108.5}
  m_SizeDelta: {x: 255.6, y: 284.46997}
  m_Pivot: {x: 0.5, y: 0.5}
--- !u!114 &1747935038
MonoBehaviour:
  m_ObjectHideFlags: 0
  m_PrefabParentObject: {fileID: 0}
  m_PrefabInternal: {fileID: 0}
  m_GameObject: {fileID: 1747935036}
  m_Enabled: 1
  m_EditorHideFlags: 0
  m_Script: {fileID: -765806418, guid: f5f67c52d1564df4a8936ccd202a3bd8, type: 3}
  m_Name: 
  m_EditorClassIdentifier: 
  m_Material: {fileID: 0}
  m_Color: {r: 1, g: 1, b: 1, a: 1}
  m_RaycastTarget: 1
  m_OnCullStateChanged:
    m_PersistentCalls:
      m_Calls: []
    m_TypeName: UnityEngine.UI.MaskableGraphic+CullStateChangedEvent, UnityEngine.UI,
      Version=1.0.0.0, Culture=neutral, PublicKeyToken=null
  m_Sprite: {fileID: 21300000, guid: 15722417f40834887a3576ca189d7993, type: 3}
  m_Type: 0
  m_PreserveAspect: 0
  m_FillCenter: 1
  m_FillMethod: 4
  m_FillAmount: 1
  m_FillClockwise: 1
  m_FillOrigin: 0
--- !u!222 &1747935039
CanvasRenderer:
  m_ObjectHideFlags: 0
  m_PrefabParentObject: {fileID: 0}
  m_PrefabInternal: {fileID: 0}
  m_GameObject: {fileID: 1747935036}
--- !u!1 &1750834370
GameObject:
  m_ObjectHideFlags: 0
  m_PrefabParentObject: {fileID: 0}
  m_PrefabInternal: {fileID: 0}
  serializedVersion: 4
  m_Component:
  - 224: {fileID: 1750834371}
  - 222: {fileID: 1750834374}
  - 114: {fileID: 1750834373}
  - 114: {fileID: 1750834372}
  m_Layer: 5
  m_Name: Text
  m_TagString: Untagged
  m_Icon: {fileID: 0}
  m_NavMeshLayer: 0
  m_StaticEditorFlags: 0
  m_IsActive: 1
--- !u!224 &1750834371
RectTransform:
  m_ObjectHideFlags: 0
  m_PrefabParentObject: {fileID: 0}
  m_PrefabInternal: {fileID: 0}
  m_GameObject: {fileID: 1750834370}
  m_LocalRotation: {x: 0, y: 0, z: 0, w: 1}
  m_LocalPosition: {x: 0, y: 0, z: 0}
  m_LocalScale: {x: 1, y: 1, z: 1}
  m_LocalEulerAnglesHint: {x: 0, y: 0, z: 0}
  m_Children: []
  m_Father: {fileID: 545259576}
  m_RootOrder: 0
  m_AnchorMin: {x: 0.20997602, y: 0.08812752}
  m_AnchorMax: {x: 0.93709934, y: 0.86897254}
  m_AnchoredPosition: {x: -34, y: 0}
  m_SizeDelta: {x: 69, y: 0}
  m_Pivot: {x: 0.5, y: 0.5}
--- !u!114 &1750834372
MonoBehaviour:
  m_ObjectHideFlags: 0
  m_PrefabParentObject: {fileID: 0}
  m_PrefabInternal: {fileID: 0}
  m_GameObject: {fileID: 1750834370}
  m_Enabled: 1
  m_EditorHideFlags: 0
  m_Script: {fileID: 11500000, guid: d5b6354555a3c4eeca78f043a75f421e, type: 3}
  m_Name: 
  m_EditorClassIdentifier: 
  textData: {fileID: 114000012546868152, guid: 7947c5a1eda9248b79ce018e5d037dcf, type: 2}
  text: {fileID: 1750834373}
  mode: 0
--- !u!114 &1750834373
MonoBehaviour:
  m_ObjectHideFlags: 0
  m_PrefabParentObject: {fileID: 0}
  m_PrefabInternal: {fileID: 0}
  m_GameObject: {fileID: 1750834370}
  m_Enabled: 1
  m_EditorHideFlags: 0
  m_Script: {fileID: 708705254, guid: f5f67c52d1564df4a8936ccd202a3bd8, type: 3}
  m_Name: 
  m_EditorClassIdentifier: 
  m_Material: {fileID: 0}
  m_Color: {r: 1, g: 1, b: 1, a: 1}
  m_RaycastTarget: 1
  m_OnCullStateChanged:
    m_PersistentCalls:
      m_Calls: []
    m_TypeName: UnityEngine.UI.MaskableGraphic+CullStateChangedEvent, UnityEngine.UI,
      Version=1.0.0.0, Culture=neutral, PublicKeyToken=null
  m_FontData:
    m_Font: {fileID: 12800000, guid: 2647d09a61c7f46d3bcea1dcccafde8c, type: 3}
    m_FontSize: 22
    m_FontStyle: 0
    m_BestFit: 1
    m_MinSize: 2
    m_MaxSize: 22
    m_Alignment: 3
    m_AlignByGeometry: 0
    m_RichText: 1
    m_HorizontalOverflow: 0
    m_VerticalOverflow: 0
    m_LineSpacing: 1
  m_Text: Lorem ipsum dolor sit amet, consectetur adipiscing elit.
--- !u!222 &1750834374
CanvasRenderer:
  m_ObjectHideFlags: 0
  m_PrefabParentObject: {fileID: 0}
  m_PrefabInternal: {fileID: 0}
  m_GameObject: {fileID: 1750834370}
--- !u!1 &1770109961
GameObject:
  m_ObjectHideFlags: 0
  m_PrefabParentObject: {fileID: 0}
  m_PrefabInternal: {fileID: 0}
  serializedVersion: 4
  m_Component:
  - 224: {fileID: 1770109962}
  - 222: {fileID: 1770109964}
  - 114: {fileID: 1770109963}
  - 114: {fileID: 1770109966}
  - 114: {fileID: 1770109965}
  m_Layer: 5
  m_Name: button
  m_TagString: Untagged
  m_Icon: {fileID: 0}
  m_NavMeshLayer: 0
  m_StaticEditorFlags: 0
  m_IsActive: 1
--- !u!224 &1770109962
RectTransform:
  m_ObjectHideFlags: 0
  m_PrefabParentObject: {fileID: 0}
  m_PrefabInternal: {fileID: 0}
  m_GameObject: {fileID: 1770109961}
  m_LocalRotation: {x: -0, y: -0, z: -0, w: 1}
  m_LocalPosition: {x: 0, y: 0, z: 0}
  m_LocalScale: {x: 1, y: 1, z: 1}
  m_LocalEulerAnglesHint: {x: 0, y: 0, z: 0}
  m_Children: []
  m_Father: {fileID: 1632915757}
  m_RootOrder: 0
  m_AnchorMin: {x: 0, y: 0}
  m_AnchorMax: {x: 1, y: 1}
  m_AnchoredPosition: {x: 0, y: 0}
  m_SizeDelta: {x: 0, y: 0}
  m_Pivot: {x: 0.5, y: 0.5}
--- !u!114 &1770109963
MonoBehaviour:
  m_ObjectHideFlags: 0
  m_PrefabParentObject: {fileID: 0}
  m_PrefabInternal: {fileID: 0}
  m_GameObject: {fileID: 1770109961}
  m_Enabled: 1
  m_EditorHideFlags: 0
  m_Script: {fileID: -765806418, guid: f5f67c52d1564df4a8936ccd202a3bd8, type: 3}
  m_Name: 
  m_EditorClassIdentifier: 
  m_Material: {fileID: 0}
  m_Color: {r: 1, g: 1, b: 1, a: 1}
  m_RaycastTarget: 1
  m_OnCullStateChanged:
    m_PersistentCalls:
      m_Calls: []
    m_TypeName: UnityEngine.UI.MaskableGraphic+CullStateChangedEvent, UnityEngine.UI,
      Version=1.0.0.0, Culture=neutral, PublicKeyToken=null
  m_Sprite: {fileID: 0}
  m_Type: 0
  m_PreserveAspect: 0
  m_FillCenter: 1
  m_FillMethod: 4
  m_FillAmount: 1
  m_FillClockwise: 1
  m_FillOrigin: 0
--- !u!222 &1770109964
CanvasRenderer:
  m_ObjectHideFlags: 0
  m_PrefabParentObject: {fileID: 0}
  m_PrefabInternal: {fileID: 0}
  m_GameObject: {fileID: 1770109961}
--- !u!114 &1770109965
MonoBehaviour:
  m_ObjectHideFlags: 0
  m_PrefabParentObject: {fileID: 0}
  m_PrefabInternal: {fileID: 0}
  m_GameObject: {fileID: 1770109961}
  m_Enabled: 1
  m_EditorHideFlags: 0
  m_Script: {fileID: 11500000, guid: 02aea8590d7144efdb3ae22fa0c5e519, type: 3}
  m_Name: 
  m_EditorClassIdentifier: 
  buttonData: {fileID: 114000014207702612, guid: 7947c5a1eda9248b79ce018e5d037dcf,
    type: 2}
  button: {fileID: 1770109966}
--- !u!114 &1770109966
MonoBehaviour:
  m_ObjectHideFlags: 0
  m_PrefabParentObject: {fileID: 0}
  m_PrefabInternal: {fileID: 0}
  m_GameObject: {fileID: 1770109961}
  m_Enabled: 1
  m_EditorHideFlags: 0
  m_Script: {fileID: 1392445389, guid: f5f67c52d1564df4a8936ccd202a3bd8, type: 3}
  m_Name: 
  m_EditorClassIdentifier: 
  m_Navigation:
    m_Mode: 3
    m_SelectOnUp: {fileID: 0}
    m_SelectOnDown: {fileID: 0}
    m_SelectOnLeft: {fileID: 0}
    m_SelectOnRight: {fileID: 0}
  m_Transition: 1
  m_Colors:
    m_NormalColor: {r: 1, g: 1, b: 1, a: 1}
    m_HighlightedColor: {r: 0.9607843, g: 0.9607843, b: 0.9607843, a: 1}
    m_PressedColor: {r: 0.78431374, g: 0.78431374, b: 0.78431374, a: 1}
    m_DisabledColor: {r: 0.78431374, g: 0.78431374, b: 0.78431374, a: 0.5019608}
    m_ColorMultiplier: 1
    m_FadeDuration: 0.1
  m_SpriteState:
    m_HighlightedSprite: {fileID: 0}
    m_PressedSprite: {fileID: 0}
    m_DisabledSprite: {fileID: 0}
  m_AnimationTriggers:
    m_NormalTrigger: Normal
    m_HighlightedTrigger: Highlighted
    m_PressedTrigger: Pressed
    m_DisabledTrigger: Disabled
  m_Interactable: 1
  m_TargetGraphic: {fileID: 1770109963}
  m_OnClick:
    m_PersistentCalls:
      m_Calls: []
    m_TypeName: UnityEngine.UI.Button+ButtonClickedEvent, UnityEngine.UI, Version=1.0.0.0,
      Culture=neutral, PublicKeyToken=null
--- !u!1 &1774598406
GameObject:
  m_ObjectHideFlags: 0
  m_PrefabParentObject: {fileID: 0}
  m_PrefabInternal: {fileID: 0}
  serializedVersion: 4
  m_Component:
  - 224: {fileID: 1774598407}
  - 222: {fileID: 1774598408}
  - 114: {fileID: 1774598409}
  m_Layer: 5
  m_Name: Arrow_rotation
  m_TagString: Untagged
  m_Icon: {fileID: 0}
  m_NavMeshLayer: 0
  m_StaticEditorFlags: 0
  m_IsActive: 1
--- !u!224 &1774598407
RectTransform:
  m_ObjectHideFlags: 0
  m_PrefabParentObject: {fileID: 0}
  m_PrefabInternal: {fileID: 0}
  m_GameObject: {fileID: 1774598406}
  m_LocalRotation: {x: 0, y: 0, z: 0.7071068, w: 0.7071068}
  m_LocalPosition: {x: 0, y: 0, z: 0}
  m_LocalScale: {x: 1, y: 1, z: 1}
  m_LocalEulerAnglesHint: {x: 0, y: 0, z: 90}
  m_Children:
  - {fileID: 236415540}
  m_Father: {fileID: 628152032}
  m_RootOrder: 6
  m_AnchorMin: {x: 0.5, y: 0.5}
  m_AnchorMax: {x: 0.5, y: 0.5}
  m_AnchoredPosition: {x: 0, y: 2.000061}
  m_SizeDelta: {x: 300, y: 146}
  m_Pivot: {x: 0, y: 0.5}
--- !u!222 &1774598408
CanvasRenderer:
  m_ObjectHideFlags: 0
  m_PrefabParentObject: {fileID: 0}
  m_PrefabInternal: {fileID: 0}
  m_GameObject: {fileID: 1774598406}
--- !u!114 &1774598409
MonoBehaviour:
  m_ObjectHideFlags: 0
  m_PrefabParentObject: {fileID: 0}
  m_PrefabInternal: {fileID: 0}
  m_GameObject: {fileID: 1774598406}
  m_Enabled: 1
  m_EditorHideFlags: 0
  m_Script: {fileID: 11500000, guid: 4b057e275c14b4085a61e8a174b6f33e, type: 3}
  m_Name: 
  m_EditorClassIdentifier: 
  transformData: {fileID: 114000010533477898, guid: 7947c5a1eda9248b79ce018e5d037dcf,
    type: 2}
  ignoreMovement: 0
  id: 
  scaleCurve:
    serializedVersion: 2
    m_Curve: []
    m_PreInfinity: 2
    m_PostInfinity: 2
    m_RotationOrder: 4
--- !u!1 &1830958026
GameObject:
  m_ObjectHideFlags: 0
  m_PrefabParentObject: {fileID: 0}
  m_PrefabInternal: {fileID: 0}
  serializedVersion: 4
  m_Component:
  - 224: {fileID: 1830958027}
  - 222: {fileID: 1830958029}
  - 114: {fileID: 1830958028}
  m_Layer: 5
  m_Name: Image
  m_TagString: Untagged
  m_Icon: {fileID: 0}
  m_NavMeshLayer: 0
  m_StaticEditorFlags: 0
  m_IsActive: 1
--- !u!224 &1830958027
RectTransform:
  m_ObjectHideFlags: 0
  m_PrefabParentObject: {fileID: 0}
  m_PrefabInternal: {fileID: 0}
  m_GameObject: {fileID: 1830958026}
  m_LocalRotation: {x: 0, y: 0, z: 0, w: 1}
  m_LocalPosition: {x: 0, y: 0, z: 0}
  m_LocalScale: {x: 1, y: 1, z: 1}
  m_LocalEulerAnglesHint: {x: 0, y: 0, z: 0}
  m_Children: []
  m_Father: {fileID: 1833706192}
  m_RootOrder: 0
  m_AnchorMin: {x: 1, y: 1}
  m_AnchorMax: {x: 1, y: 1}
  m_AnchoredPosition: {x: -133.1, y: -108.5}
  m_SizeDelta: {x: 255.6, y: 284.46997}
  m_Pivot: {x: 0.5, y: 0.5}
--- !u!114 &1830958028
MonoBehaviour:
  m_ObjectHideFlags: 0
  m_PrefabParentObject: {fileID: 0}
  m_PrefabInternal: {fileID: 0}
  m_GameObject: {fileID: 1830958026}
  m_Enabled: 1
  m_EditorHideFlags: 0
  m_Script: {fileID: -765806418, guid: f5f67c52d1564df4a8936ccd202a3bd8, type: 3}
  m_Name: 
  m_EditorClassIdentifier: 
  m_Material: {fileID: 0}
  m_Color: {r: 1, g: 1, b: 1, a: 1}
  m_RaycastTarget: 1
  m_OnCullStateChanged:
    m_PersistentCalls:
      m_Calls: []
    m_TypeName: UnityEngine.UI.MaskableGraphic+CullStateChangedEvent, UnityEngine.UI,
      Version=1.0.0.0, Culture=neutral, PublicKeyToken=null
  m_Sprite: {fileID: 21300000, guid: 15722417f40834887a3576ca189d7993, type: 3}
  m_Type: 0
  m_PreserveAspect: 0
  m_FillCenter: 1
  m_FillMethod: 4
  m_FillAmount: 1
  m_FillClockwise: 1
  m_FillOrigin: 0
--- !u!222 &1830958029
CanvasRenderer:
  m_ObjectHideFlags: 0
  m_PrefabParentObject: {fileID: 0}
  m_PrefabInternal: {fileID: 0}
  m_GameObject: {fileID: 1830958026}
--- !u!1 &1833706189
GameObject:
  m_ObjectHideFlags: 0
  m_PrefabParentObject: {fileID: 145058, guid: c4babafdb692542b9818b9a4319d6bc3, type: 2}
  m_PrefabInternal: {fileID: 0}
  serializedVersion: 4
  m_Component:
  - 224: {fileID: 1833706192}
  - 222: {fileID: 1833706191}
  - 114: {fileID: 1833706190}
  m_Layer: 5
  m_Name: dialogue_box_top_right
  m_TagString: Untagged
  m_Icon: {fileID: 0}
  m_NavMeshLayer: 0
  m_StaticEditorFlags: 0
  m_IsActive: 0
--- !u!114 &1833706190
MonoBehaviour:
  m_ObjectHideFlags: 0
  m_PrefabParentObject: {fileID: 11403946, guid: c4babafdb692542b9818b9a4319d6bc3,
    type: 2}
  m_PrefabInternal: {fileID: 0}
  m_GameObject: {fileID: 1833706189}
  m_Enabled: 1
  m_EditorHideFlags: 0
  m_Script: {fileID: -765806418, guid: f5f67c52d1564df4a8936ccd202a3bd8, type: 3}
  m_Name: 
  m_EditorClassIdentifier: 
  m_Material: {fileID: 0}
  m_Color: {r: 1, g: 1, b: 1, a: 1}
  m_RaycastTarget: 1
  m_OnCullStateChanged:
    m_PersistentCalls:
      m_Calls: []
    m_TypeName: UnityEngine.UI.MaskableGraphic+CullStateChangedEvent, UnityEngine.UI,
      Version=1.0.0.0, Culture=neutral, PublicKeyToken=null
  m_Sprite: {fileID: 21300000, guid: 44cb3d55fc418485aa7c63fece1467a7, type: 3}
  m_Type: 1
  m_PreserveAspect: 0
  m_FillCenter: 1
  m_FillMethod: 4
  m_FillAmount: 1
  m_FillClockwise: 1
  m_FillOrigin: 0
--- !u!222 &1833706191
CanvasRenderer:
  m_ObjectHideFlags: 0
  m_PrefabParentObject: {fileID: 22215330, guid: c4babafdb692542b9818b9a4319d6bc3,
    type: 2}
  m_PrefabInternal: {fileID: 0}
  m_GameObject: {fileID: 1833706189}
--- !u!224 &1833706192
RectTransform:
  m_ObjectHideFlags: 0
  m_PrefabParentObject: {fileID: 22420250, guid: c4babafdb692542b9818b9a4319d6bc3,
    type: 2}
  m_PrefabInternal: {fileID: 0}
  m_GameObject: {fileID: 1833706189}
  m_LocalRotation: {x: -0, y: -0, z: -0, w: 1}
  m_LocalPosition: {x: 0, y: 0, z: 0}
  m_LocalScale: {x: 1, y: 1, z: 1}
  m_LocalEulerAnglesHint: {x: 0, y: 0, z: 0}
  m_Children:
  - {fileID: 1830958027}
  - {fileID: 1635004260}
  - {fileID: 270142631}
  m_Father: {fileID: 628152032}
  m_RootOrder: 4
  m_AnchorMin: {x: 1, y: 1}
  m_AnchorMax: {x: 1, y: 1}
  m_AnchoredPosition: {x: -341.33002, y: -215}
  m_SizeDelta: {x: 597, y: 262}
  m_Pivot: {x: 0.5, y: 0.5}
--- !u!1 &1951410544
GameObject:
  m_ObjectHideFlags: 0
  m_PrefabParentObject: {fileID: 0}
  m_PrefabInternal: {fileID: 0}
  serializedVersion: 4
  m_Component:
  - 224: {fileID: 1951410545}
  - 222: {fileID: 1951410548}
  - 114: {fileID: 1951410547}
  - 114: {fileID: 1951410546}
  m_Layer: 5
  m_Name: name
  m_TagString: Untagged
  m_Icon: {fileID: 0}
  m_NavMeshLayer: 0
  m_StaticEditorFlags: 0
  m_IsActive: 1
--- !u!224 &1951410545
RectTransform:
  m_ObjectHideFlags: 0
  m_PrefabParentObject: {fileID: 0}
  m_PrefabInternal: {fileID: 0}
  m_GameObject: {fileID: 1951410544}
  m_LocalRotation: {x: 0, y: 0, z: 0, w: 1}
  m_LocalPosition: {x: 0, y: 0, z: 0}
  m_LocalScale: {x: 1, y: 1, z: 1}
  m_LocalEulerAnglesHint: {x: 0, y: 0, z: 0}
  m_Children: []
  m_Father: {fileID: 1241054432}
  m_RootOrder: 0
  m_AnchorMin: {x: 0.5, y: 0.5}
  m_AnchorMax: {x: 0.5, y: 0.5}
  m_AnchoredPosition: {x: 0, y: 0}
  m_SizeDelta: {x: 160, y: 30}
  m_Pivot: {x: 0.5, y: 0.5}
--- !u!114 &1951410546
MonoBehaviour:
  m_ObjectHideFlags: 0
  m_PrefabParentObject: {fileID: 0}
  m_PrefabInternal: {fileID: 0}
  m_GameObject: {fileID: 1951410544}
  m_Enabled: 1
  m_EditorHideFlags: 0
  m_Script: {fileID: 11500000, guid: d5b6354555a3c4eeca78f043a75f421e, type: 3}
  m_Name: 
  m_EditorClassIdentifier: 
  textData: {fileID: 0}
  text: {fileID: 0}
  mode: 0
--- !u!114 &1951410547
MonoBehaviour:
  m_ObjectHideFlags: 0
  m_PrefabParentObject: {fileID: 0}
  m_PrefabInternal: {fileID: 0}
  m_GameObject: {fileID: 1951410544}
  m_Enabled: 1
  m_EditorHideFlags: 0
  m_Script: {fileID: 708705254, guid: f5f67c52d1564df4a8936ccd202a3bd8, type: 3}
  m_Name: 
  m_EditorClassIdentifier: 
  m_Material: {fileID: 0}
  m_Color: {r: 1, g: 1, b: 1, a: 1}
  m_RaycastTarget: 1
  m_OnCullStateChanged:
    m_PersistentCalls:
      m_Calls: []
    m_TypeName: UnityEngine.UI.MaskableGraphic+CullStateChangedEvent, UnityEngine.UI,
      Version=1.0.0.0, Culture=neutral, PublicKeyToken=null
  m_FontData:
    m_Font: {fileID: 12800000, guid: 2647d09a61c7f46d3bcea1dcccafde8c, type: 3}
    m_FontSize: 19
    m_FontStyle: 0
    m_BestFit: 0
    m_MinSize: 10
    m_MaxSize: 40
    m_Alignment: 4
    m_AlignByGeometry: 0
    m_RichText: 1
    m_HorizontalOverflow: 0
    m_VerticalOverflow: 0
    m_LineSpacing: 1
  m_Text: Town Mayor
--- !u!222 &1951410548
CanvasRenderer:
  m_ObjectHideFlags: 0
  m_PrefabParentObject: {fileID: 0}
  m_PrefabInternal: {fileID: 0}
  m_GameObject: {fileID: 1951410544}
--- !u!1 &1951558787
GameObject:
  m_ObjectHideFlags: 0
  m_PrefabParentObject: {fileID: 0}
  m_PrefabInternal: {fileID: 0}
  serializedVersion: 4
  m_Component:
  - 224: {fileID: 1951558788}
  - 222: {fileID: 1951558790}
  - 114: {fileID: 1951558789}
  m_Layer: 5
  m_Name: Image
  m_TagString: Untagged
  m_Icon: {fileID: 0}
  m_NavMeshLayer: 0
  m_StaticEditorFlags: 0
  m_IsActive: 1
--- !u!224 &1951558788
RectTransform:
  m_ObjectHideFlags: 0
  m_PrefabParentObject: {fileID: 0}
  m_PrefabInternal: {fileID: 0}
  m_GameObject: {fileID: 1951558787}
  m_LocalRotation: {x: 0, y: 0, z: 0, w: 1}
  m_LocalPosition: {x: 0, y: 0, z: 0}
  m_LocalScale: {x: 1, y: 1, z: 1}
  m_LocalEulerAnglesHint: {x: 0, y: 0, z: 0}
  m_Children: []
  m_Father: {fileID: 604064203}
  m_RootOrder: 1
  m_AnchorMin: {x: 0, y: 0.5}
  m_AnchorMax: {x: 0, y: 0.5}
  m_AnchoredPosition: {x: 90, y: 0}
  m_SizeDelta: {x: 22, y: 34}
  m_Pivot: {x: 0.5, y: 0.5}
--- !u!114 &1951558789
MonoBehaviour:
  m_ObjectHideFlags: 0
  m_PrefabParentObject: {fileID: 0}
  m_PrefabInternal: {fileID: 0}
  m_GameObject: {fileID: 1951558787}
  m_Enabled: 1
  m_EditorHideFlags: 0
  m_Script: {fileID: -765806418, guid: f5f67c52d1564df4a8936ccd202a3bd8, type: 3}
  m_Name: 
  m_EditorClassIdentifier: 
  m_Material: {fileID: 0}
  m_Color: {r: 1, g: 1, b: 1, a: 1}
  m_RaycastTarget: 1
  m_OnCullStateChanged:
    m_PersistentCalls:
      m_Calls: []
    m_TypeName: UnityEngine.UI.MaskableGraphic+CullStateChangedEvent, UnityEngine.UI,
      Version=1.0.0.0, Culture=neutral, PublicKeyToken=null
  m_Sprite: {fileID: 21300000, guid: 74b8f1af84dc74c37813e43a2a2a5e14, type: 3}
  m_Type: 0
  m_PreserveAspect: 0
  m_FillCenter: 1
  m_FillMethod: 4
  m_FillAmount: 1
  m_FillClockwise: 1
  m_FillOrigin: 0
--- !u!222 &1951558790
CanvasRenderer:
  m_ObjectHideFlags: 0
  m_PrefabParentObject: {fileID: 0}
  m_PrefabInternal: {fileID: 0}
  m_GameObject: {fileID: 1951558787}
--- !u!1 &1954929542
GameObject:
  m_ObjectHideFlags: 0
  m_PrefabParentObject: {fileID: 0}
  m_PrefabInternal: {fileID: 0}
  serializedVersion: 4
  m_Component:
  - 4: {fileID: 1954929545}
  - 114: {fileID: 1954929544}
  - 114: {fileID: 1954929543}
  m_Layer: 0
  m_Name: EventSystem
  m_TagString: Untagged
  m_Icon: {fileID: 0}
  m_NavMeshLayer: 0
  m_StaticEditorFlags: 0
  m_IsActive: 1
--- !u!114 &1954929543
MonoBehaviour:
  m_ObjectHideFlags: 0
  m_PrefabParentObject: {fileID: 0}
  m_PrefabInternal: {fileID: 0}
  m_GameObject: {fileID: 1954929542}
  m_Enabled: 1
  m_EditorHideFlags: 0
  m_Script: {fileID: 1077351063, guid: f5f67c52d1564df4a8936ccd202a3bd8, type: 3}
  m_Name: 
  m_EditorClassIdentifier: 
  m_HorizontalAxis: Horizontal
  m_VerticalAxis: Vertical
  m_SubmitButton: Submit
  m_CancelButton: Cancel
  m_InputActionsPerSecond: 10
  m_RepeatDelay: 0.5
  m_ForceModuleActive: 0
--- !u!114 &1954929544
MonoBehaviour:
  m_ObjectHideFlags: 0
  m_PrefabParentObject: {fileID: 0}
  m_PrefabInternal: {fileID: 0}
  m_GameObject: {fileID: 1954929542}
  m_Enabled: 1
  m_EditorHideFlags: 0
  m_Script: {fileID: -619905303, guid: f5f67c52d1564df4a8936ccd202a3bd8, type: 3}
  m_Name: 
  m_EditorClassIdentifier: 
  m_FirstSelected: {fileID: 0}
  m_sendNavigationEvents: 1
  m_DragThreshold: 5
--- !u!4 &1954929545
Transform:
  m_ObjectHideFlags: 0
  m_PrefabParentObject: {fileID: 0}
  m_PrefabInternal: {fileID: 0}
  m_GameObject: {fileID: 1954929542}
  m_LocalRotation: {x: 0, y: 0, z: 0, w: 1}
  m_LocalPosition: {x: 0, y: 0, z: 0}
  m_LocalScale: {x: 1, y: 1, z: 1}
  m_LocalEulerAnglesHint: {x: 0, y: 0, z: 0}
  m_Children: []
  m_Father: {fileID: 0}
  m_RootOrder: 1
--- !u!1 &1969641342
GameObject:
  m_ObjectHideFlags: 0
  m_PrefabParentObject: {fileID: 0}
  m_PrefabInternal: {fileID: 0}
  serializedVersion: 4
  m_Component:
  - 224: {fileID: 1969641343}
  - 222: {fileID: 1969641345}
  - 114: {fileID: 1969641344}
  m_Layer: 5
  m_Name: name_tag
  m_TagString: Untagged
  m_Icon: {fileID: 0}
  m_NavMeshLayer: 0
  m_StaticEditorFlags: 0
  m_IsActive: 1
--- !u!224 &1969641343
RectTransform:
  m_ObjectHideFlags: 0
  m_PrefabParentObject: {fileID: 0}
  m_PrefabInternal: {fileID: 0}
  m_GameObject: {fileID: 1969641342}
  m_LocalRotation: {x: -0, y: -0, z: -0, w: 1}
  m_LocalPosition: {x: 0, y: 0, z: 0}
  m_LocalScale: {x: 1, y: 1, z: 1}
  m_LocalEulerAnglesHint: {x: 0, y: 0, z: 0}
  m_Children:
  - {fileID: 900299168}
  m_Father: {fileID: 1972774074}
  m_RootOrder: 2
  m_AnchorMin: {x: 0, y: 1}
  m_AnchorMax: {x: 0, y: 1}
  m_AnchoredPosition: {x: 133.99998, y: -8}
  m_SizeDelta: {x: 186, y: 40}
  m_Pivot: {x: 0.5, y: 0.5}
--- !u!114 &1969641344
MonoBehaviour:
  m_ObjectHideFlags: 0
  m_PrefabParentObject: {fileID: 0}
  m_PrefabInternal: {fileID: 0}
  m_GameObject: {fileID: 1969641342}
  m_Enabled: 1
  m_EditorHideFlags: 0
  m_Script: {fileID: -765806418, guid: f5f67c52d1564df4a8936ccd202a3bd8, type: 3}
  m_Name: 
  m_EditorClassIdentifier: 
  m_Material: {fileID: 0}
  m_Color: {r: 0.2784314, g: 0.48235297, b: 0.65882355, a: 1}
  m_RaycastTarget: 1
  m_OnCullStateChanged:
    m_PersistentCalls:
      m_Calls: []
    m_TypeName: UnityEngine.UI.MaskableGraphic+CullStateChangedEvent, UnityEngine.UI,
      Version=1.0.0.0, Culture=neutral, PublicKeyToken=null
  m_Sprite: {fileID: 21300000, guid: 819ba085540ba41ab9ba421d3726e474, type: 3}
  m_Type: 1
  m_PreserveAspect: 0
  m_FillCenter: 1
  m_FillMethod: 4
  m_FillAmount: 1
  m_FillClockwise: 1
  m_FillOrigin: 0
--- !u!222 &1969641345
CanvasRenderer:
  m_ObjectHideFlags: 0
  m_PrefabParentObject: {fileID: 0}
  m_PrefabInternal: {fileID: 0}
  m_GameObject: {fileID: 1969641342}
--- !u!1 &1972774071
GameObject:
  m_ObjectHideFlags: 0
  m_PrefabParentObject: {fileID: 145058, guid: c4babafdb692542b9818b9a4319d6bc3, type: 2}
  m_PrefabInternal: {fileID: 0}
  serializedVersion: 4
  m_Component:
  - 224: {fileID: 1972774074}
  - 222: {fileID: 1972774073}
  - 114: {fileID: 1972774072}
  m_Layer: 5
  m_Name: dialogue_box_top_left
  m_TagString: Untagged
  m_Icon: {fileID: 0}
  m_NavMeshLayer: 0
  m_StaticEditorFlags: 0
  m_IsActive: 0
--- !u!114 &1972774072
MonoBehaviour:
  m_ObjectHideFlags: 0
  m_PrefabParentObject: {fileID: 11403946, guid: c4babafdb692542b9818b9a4319d6bc3,
    type: 2}
  m_PrefabInternal: {fileID: 0}
  m_GameObject: {fileID: 1972774071}
  m_Enabled: 1
  m_EditorHideFlags: 0
  m_Script: {fileID: -765806418, guid: f5f67c52d1564df4a8936ccd202a3bd8, type: 3}
  m_Name: 
  m_EditorClassIdentifier: 
  m_Material: {fileID: 0}
  m_Color: {r: 1, g: 1, b: 1, a: 1}
  m_RaycastTarget: 1
  m_OnCullStateChanged:
    m_PersistentCalls:
      m_Calls: []
    m_TypeName: UnityEngine.UI.MaskableGraphic+CullStateChangedEvent, UnityEngine.UI,
      Version=1.0.0.0, Culture=neutral, PublicKeyToken=null
  m_Sprite: {fileID: 21300000, guid: 44cb3d55fc418485aa7c63fece1467a7, type: 3}
  m_Type: 1
  m_PreserveAspect: 0
  m_FillCenter: 1
  m_FillMethod: 4
  m_FillAmount: 1
  m_FillClockwise: 1
  m_FillOrigin: 0
--- !u!222 &1972774073
CanvasRenderer:
  m_ObjectHideFlags: 0
  m_PrefabParentObject: {fileID: 22215330, guid: c4babafdb692542b9818b9a4319d6bc3,
    type: 2}
  m_PrefabInternal: {fileID: 0}
  m_GameObject: {fileID: 1972774071}
--- !u!224 &1972774074
RectTransform:
  m_ObjectHideFlags: 0
  m_PrefabParentObject: {fileID: 22420250, guid: c4babafdb692542b9818b9a4319d6bc3,
    type: 2}
  m_PrefabInternal: {fileID: 0}
  m_GameObject: {fileID: 1972774071}
  m_LocalRotation: {x: -0, y: -0, z: -0, w: 1}
  m_LocalPosition: {x: 0, y: 0, z: 0}
  m_LocalScale: {x: 1, y: 1, z: 1}
  m_LocalEulerAnglesHint: {x: 0, y: 0, z: 0}
  m_Children:
  - {fileID: 1297197157}
  - {fileID: 161908348}
  - {fileID: 1969641343}
  m_Father: {fileID: 628152032}
  m_RootOrder: 3
  m_AnchorMin: {x: 0, y: 1}
  m_AnchorMax: {x: 0, y: 1}
  m_AnchoredPosition: {x: 339.33008, y: -215}
  m_SizeDelta: {x: 597, y: 262}
  m_Pivot: {x: 0.5, y: 0.5}
--- !u!1001 &2021264254
Prefab:
  m_ObjectHideFlags: 0
  serializedVersion: 2
  m_Modification:
    m_TransformParent: {fileID: 0}
    m_Modifications:
    - target: {fileID: 4000013461082756, guid: 7779e32cfc54947ad93cbb5dc952097e, type: 2}
      propertyPath: m_LocalPosition.x
      value: 626.4408
      objectReference: {fileID: 0}
    - target: {fileID: 4000013461082756, guid: 7779e32cfc54947ad93cbb5dc952097e, type: 2}
      propertyPath: m_LocalPosition.y
      value: 417.56784
      objectReference: {fileID: 0}
    - target: {fileID: 4000013461082756, guid: 7779e32cfc54947ad93cbb5dc952097e, type: 2}
      propertyPath: m_LocalPosition.z
      value: 0
      objectReference: {fileID: 0}
    - target: {fileID: 4000013461082756, guid: 7779e32cfc54947ad93cbb5dc952097e, type: 2}
      propertyPath: m_LocalRotation.x
      value: 0
      objectReference: {fileID: 0}
    - target: {fileID: 4000013461082756, guid: 7779e32cfc54947ad93cbb5dc952097e, type: 2}
      propertyPath: m_LocalRotation.y
      value: 0
      objectReference: {fileID: 0}
    - target: {fileID: 4000013461082756, guid: 7779e32cfc54947ad93cbb5dc952097e, type: 2}
      propertyPath: m_LocalRotation.z
      value: 0
      objectReference: {fileID: 0}
    - target: {fileID: 4000013461082756, guid: 7779e32cfc54947ad93cbb5dc952097e, type: 2}
      propertyPath: m_LocalRotation.w
      value: 1
      objectReference: {fileID: 0}
    - target: {fileID: 4000013461082756, guid: 7779e32cfc54947ad93cbb5dc952097e, type: 2}
      propertyPath: m_RootOrder
      value: 3
      objectReference: {fileID: 0}
    m_RemovedComponents: []
  m_ParentPrefab: {fileID: 100100000, guid: 7779e32cfc54947ad93cbb5dc952097e, type: 2}
  m_IsPrefabParent: 0
--- !u!114 &2021264255 stripped
MonoBehaviour:
  m_PrefabParentObject: {fileID: 114000011176924820, guid: 7779e32cfc54947ad93cbb5dc952097e,
    type: 2}
  m_PrefabInternal: {fileID: 2021264254}
  m_Script: {fileID: 11500000, guid: a79420133d46746b2a3a76860cc2fef5, type: 3}
--- !u!1 &2115767551
GameObject:
  m_ObjectHideFlags: 0
  m_PrefabParentObject: {fileID: 0}
  m_PrefabInternal: {fileID: 0}
  serializedVersion: 4
  m_Component:
  - 224: {fileID: 2115767552}
  - 222: {fileID: 2115767554}
  - 114: {fileID: 2115767553}
  m_Layer: 5
  m_Name: Image
  m_TagString: Untagged
  m_Icon: {fileID: 0}
  m_NavMeshLayer: 0
  m_StaticEditorFlags: 0
  m_IsActive: 1
--- !u!224 &2115767552
RectTransform:
  m_ObjectHideFlags: 0
  m_PrefabParentObject: {fileID: 0}
  m_PrefabInternal: {fileID: 0}
  m_GameObject: {fileID: 2115767551}
  m_LocalRotation: {x: 0, y: 0, z: 0, w: 1}
  m_LocalPosition: {x: 0, y: 0, z: 0}
  m_LocalScale: {x: 1, y: 1, z: 1}
  m_LocalEulerAnglesHint: {x: 0, y: 0, z: 0}
  m_Children: []
  m_Father: {fileID: 1461444746}
  m_RootOrder: 0
  m_AnchorMin: {x: 1, y: 1}
  m_AnchorMax: {x: 1, y: 1}
  m_AnchoredPosition: {x: -133.1, y: -108.5}
  m_SizeDelta: {x: 255.6, y: 284.46997}
  m_Pivot: {x: 0.5, y: 0.5}
--- !u!114 &2115767553
MonoBehaviour:
  m_ObjectHideFlags: 0
  m_PrefabParentObject: {fileID: 0}
  m_PrefabInternal: {fileID: 0}
  m_GameObject: {fileID: 2115767551}
  m_Enabled: 1
  m_EditorHideFlags: 0
  m_Script: {fileID: -765806418, guid: f5f67c52d1564df4a8936ccd202a3bd8, type: 3}
  m_Name: 
  m_EditorClassIdentifier: 
  m_Material: {fileID: 0}
  m_Color: {r: 1, g: 1, b: 1, a: 1}
  m_RaycastTarget: 1
  m_OnCullStateChanged:
    m_PersistentCalls:
      m_Calls: []
    m_TypeName: UnityEngine.UI.MaskableGraphic+CullStateChangedEvent, UnityEngine.UI,
      Version=1.0.0.0, Culture=neutral, PublicKeyToken=null
  m_Sprite: {fileID: 21300000, guid: 15722417f40834887a3576ca189d7993, type: 3}
  m_Type: 0
  m_PreserveAspect: 0
  m_FillCenter: 1
  m_FillMethod: 4
  m_FillAmount: 1
  m_FillClockwise: 1
  m_FillOrigin: 0
--- !u!222 &2115767554
CanvasRenderer:
  m_ObjectHideFlags: 0
  m_PrefabParentObject: {fileID: 0}
  m_PrefabInternal: {fileID: 0}
  m_GameObject: {fileID: 2115767551}
